% ------------------------------------------------------------------------
% SAMPLE BIBLIOGRAPHY FILE
% ------------------------------------------------------------------------
@BOOK {VERHEYE,
    author    = "Verheye, Willy H",
    title     = "Land use, land cover and soil sciences",
    publisher = "Eolss Publishers Co Ltd",
    year      = "2009",
    place     = "Oxford"
}
@ARTICLE {DAHLINETAL,
    author  = "Dahlin, Kyla M. and Asner, Gregory P. and Field, Christopher B.",
    title   = "Environmental filtering and land-use history drive patterns in biomass accumulation in a {Mediterranean}-type landscape",
    journal = "Ecological Applications",
    year    = "2012",
    volume  = "22",
    number  = "1",
    pages   = "104-118",
    doi     = "10.1890/11-1401.1"
}
@ARTICLE {OLIVEIRA,
    author  = "Oliveira, Rejane Correa de and Almeida, Eduardo and Freguglia, Ricardo da Silva and Barreto, Ricardo Candea Sa",
    title   = "Desmatamento e Crescimento Economico no {Brasil}: uma Analise da Curva de Kuznets Ambiental para a {Amazonia} legal",
    journal = "Revista de Economia e Sociologia Rural",
    year    = "2011",
    volume  = "49",
    number  = "3",
    pages   = "709-739",
    doi     = "10.1590/s0103-20032011000300008"
}
@ARTICLE {ARROWETAL,
    author  = "Arrow, K. and Bolin, B. and Costanza, R. and Dasgupta, P. and Folke, C. and Holling, C. S. and Jansson, B.-O. and Levin, S. and Maler, K.-G. and Perrings, C. et al.",
    title   = "Economic Growth, Carrying Capacity, and the Environment",
    journal = "Science",
    year    = "1995",
    volume  = "268",
    number  = "5210",
    pages   = "520-521",
    doi     = "10.1126/science.268.5210.520"
}
@ARTICLE {BOOZER,
    author  = "Boozer, Michael A.",
    title   = "Econometric Analysis of Panel Data Badi H. Baltagi Wiley, 1995",
    journal = "Econ Theory",
    year    = "1997",
    volume  = "13",
    number  = "05",
    pages   = "747-754",
    doi     = "10.1017/s0266466600006150"
}
@ARTICLE {BARRO,
    author  = "Barro, Robert J.",
    title   = "Inequality and Growth in a Panel of Countries",
    journal = "Journal of Economic Growth",
    year    = "2000",
    volume  = "5",
    number  = "1",
    pages   = "5-32",
    urldate = "2016-2-1",
    doi     = "10.1023/a:1009850119329"
}
@ARTICLE {BECKERMAN,
    author  = "Beckerman, Wilfred",
    title   = "Economic growth and the environment: Whose growth? whose environment?",
    journal = "World Development",
    year    = "1992",
    volume  = "20",
    number  = "4",
    pages   = "481-496",
    doi     = "10.1016/0305-750x(92)90038-w"
}
@ARTICLE {BROCKANDTAYLOR,
    author  = "Brock, William A. and Taylor, M. Scott",
    title   = "The Green Solow model",
    journal = "Journal of Economic Growth",
    year    = "2010",
    volume  = "15",
    number  = "2",
    pages   = "127-153",
    doi     = "10.1007/s10887-010-9051-0"
}
@ARTICLE {COMMOM,
    journal = "The Forestry Chronicle",
    year    = "1988",
    volume  = "64",
    number  = "2",
    pages   = "98-98",
    doi     = "10.5558/tfc64098-2"
}
@MISC {CROPPERANDGRIFFITHS,
    author  = "Cropper, Maureen and Griffiths, Charles",
    title   = "The Interaction of Population Growth and Environmental Quality on JSTOR",
    year    = "1994",
    url     = "http://www.jstor.org/stable/2117838",
    urldate = "2016-2-1",
    journal = "Jstor.org"
}
@ARTICLE {DARGE,
    author  = "d'Arge, Ralph C.",
    title   = "Essay on Economic Growth and Environmental Quality",
    journal = "The Swedish Journal of Economics",
    year    = "1971",
    volume  = "73",
    number  = "1",
    pages   = "25",
    doi     = "10.2307/3439131"
}
@ARTICLE {GROSSMAN1,
    author  = "M. Grossman, Gene and B. Krueger, Alan",
    title   = "Economic Growth and the Environment",
    year    = "1995",
    url     = "http://www.jstor.org/stable/2118443",
    urldate = "2016-2-1",
    journal = "Jstor.org",
   doi = "10.2307/2118443"
}
@ARTICLE {GODARDANDBEAUMAIS,
    author  = "Godard, Olivier and Beaumais, Olivier",
    title   = "Economie, croissance et environnement De nouvelles strategies pour de nouvelles relations",
    journal = "Revue Economique",
    year    = "1993",
    volume  = "44",
    pages   = "143",
    urldate = "2016-2-1",
    doi     = "10.2307/3502395"
}
@BOOK {GOODSTEIN,
    author    = "Goodstein, Eban S",
    title     = "Economics and the environment",
    publisher = "John Wiley \& Sons",
    year      = "2008",
    place     = "Hoboken, NJ"
}
@BOOK {GROSSMANN,
    author    = "Grossmann, Volker",
    title     = "Inequality, Economic Growth, and Technological Change",
    publisher = "Physica-Verlag HD",
    year      = "2001",
    place     = "Heidelberg"
}
@ARTICLE {GRUVER,
    author  = "Gruver, Gene W",
    title   = "Optimal investment in pollution control capital in a neoclassical growth context",
    journal = "Journal of Environmental Economics and Management",
    year    = "1976",
    volume  = "3",
    number  = "3",
    pages   = "165-177",
    doi     = "10.1016/0095-0696(76)90016-4"
}
@ARTICLE {DASGUPTA,
    author  = "Dasgupta, Partha and Heal, Geoffrey",
    title   = "The Optimal Depletion of Exhaustible Resources",
    journal = "The Review of Economic Studies",
    year    = "1974",
    volume  = "41",
    pages   = "3",
    doi     = "10.2307/2296369"
}
@BOOK {HIRSCHMAN,
    author    = "Hirschman, Albert O",
    title     = "The Strategy of economic development",
    publisher = "Yale University Press",
    year      = "1963",
    place     = "New Haven"
}
@ARTICLE {SMITHANDHSIAO,
    author  = "Smith, Richard J. and Hsiao, C.",
    title   = "Analysis of Panel Data.",
    journal = "Economica",
    year    = "1988",
    volume  = "55",
    number  = "218",
    pages   = "284",
    doi     = "10.2307/2554479"
}
@ARTICLE {KAMIEN,
    author  = "Kamien, M. I. and Schwartz, N. L.",
    title   = "Optimal Exhaustible Resource Depletion with Endogenous Technical Change",
    journal = "The Review of Economic Studies",
    year    = "1978",
    volume  = "45",
    number  = "1",
    pages   = "179-196",
    doi     = "10.2307/2297093"
}
@MISC {KUZNETS,
    author  = "Kuznets, Simon",
    title   = "Economic Growth and Income Inequality",
    year    = "1955",
    url     = "http://www.jstor.org/stable/1811581",
    urldate = "2016-2-1",
    journal = "Jstor.org"
}
@BOOK {MISHAN1,
    author    = "Mishan, E. J",
    title     = "The costs of economic growth",
    publisher = "Weidenfeld and Nicolson",
    year      = "1967",
    place     = "London"
}
@BOOK {RAY,
    author    = "Ray, Debraj",
    title     = "Development economics",
    publisher = "Princeton University Press",
    year      = "1998",
    place     = "Princeton, N.J."
}
@BOOK {RUTTAN,
    author    = "Ruttan, Vernon W",
    title     = "Technology, growth, and development",
    publisher = "Oxford University Press",
    year      = "2001",
    place     = "New York"
}
@ARTICLE {SALA-I-MARTIN,
    author  = "Sala-i-Martin, Xavier X.",
    title   = "The Classical Approach to Convergence Analysis",
    journal = "The Economic Journal",
    year    = "1996",
    volume  = "106",
    number  = "437",
    pages   = "1019",
    urldate = "2016-2-1",
    doi     = "10.2307/2235375"
}
@ARTICLE {SMITH1,
    author  = "Smith, Vernon L",
    title   = "Control theory applied to natural and environmental resources an exposition",
    journal = "Journal of Environmental Economics and Management",
    year    = "1977",
    volume  = "4",
    number  = "1",
    pages   = "1-24",
    urldate = "2016-2-1",
    doi     = "10.1016/0095-0696(77)90012-2"
}
@ARTICLE {SOLOW,
    author  = "Solow, R. M.",
    title   = "Inter-generational Equity and Exhaustible Resources",
    journal = "The Review of Economic Studies",
    year    = "1974",
    volume  = "41",
    pages   = "29",
    doi     = "10.2307/2296370"
}
@ARTICLE {SOLOW2,
    author    = "Robert M. Solow",
    title     = "The Economics of Resources or the Resources of Economics",
    journal   = "The American Economic Review",
    year      = "1974",
    volume    = "64",
    number    = "2",
    pages     = "1--14",
    issn      = "00028282",
    url       = "http://www.jstor.org/stable/1816009",
    publisher = "American Economic Association"
}
@ARTICLE {STIGLITZ,
    author   = "Stiglitz, Joseph",
    title    = "Growth with Exhaustible Natural Resources: Efficient and Optimal Growth Paths.",
    journal  = "Review of Economic Studies",
    year     = "1974",
    volume   = "41",
    number   = "5",
    pages    = "123",
    issn     = "00346527",
    keywords = "ECONOMICS, NONRENEWABLE natural resources, CONSERVATION of natural resources, ECONOMIC development, PRODUCTION (Economic theory), CONSUMPTION (Economics), DEMAND (Economic theory), ECONOMETRIC models, NATURAL resources",
    url      = "http://search.ebscohost.com.ezproxye.bham.ac.uk/login.aspx?direct=true\&db=buh\&AN=4621341\&site=ehost-live"
}
@MISC {HDR,
    title    = "Human Development Report 2002",
    month    = "10",
    year     = "2002",
    note     = "Copyright - Copyright Atlantic Monthly Company Oct 2002; Última atualizaçao em - 2014-05-18",
    journal  = "The Atlantic Monthly",
    volume   = "290",
    number   = "3",
    pages    = "42-43",
    keywords = "Literary And Political Reviews; Globalization",
    language = "English",
    url      = "http://search.proquest.com/docview/223095631?accountid=8630"
}
@ARTICLE {FORSTER,
    author   = "Forster, B.A.",
    title    = "Optimal Consumption Planning in a Polluted Environment.",
    journal  = "Economic Record",
    year     = "1973",
    volume   = "49",
    number   = "128",
    pages    = "534",
    abstract = "Examines central issues of pollution and optimal economic activity in a polluted environment. Focus on consumption-pollution trade-off in the absence of growth and production decisions problems; Effect of devoting output to pollution control on pollution reduction; Objective on planning authority to maximize discounted flow utility.",
    issn     = "00130249",
    keywords = "POLLUTION, PLANNING, UTILITY theory, ECONOMIC aspects",
    url      = "http://search.ebscohost.com.ezproxye.bham.ac.uk/login.aspx?direct=true\&db=buh\&AN=5855528\&site=ehost-live"
}
@ARTICLE {HOTELLING,
    author    = "Harold Hotelling",
    title     = "The Economics of Exhaustible Resources",
    journal   = "Journal of Political Economy",
    year      = "1931",
    volume    = "39",
    number    = "2",
    pages     = "137--175",
    issn      = "00223808, 1537534X",
    url       = "http://www.jstor.org/stable/1822328",
    publisher = "University of Chicago Press"
}
@MISC {IBRD,
    author  = "IBRD, World Bank",
    title   = "Annual Report",
    year    = "2012",
    url     = "http://siteresources.worldbank.org/EXTANNREP2012/Resources/8784408-1346247445238/AnnualReport2012_En.pdf",
    urldate = "2016-2-1",
    journal = "World Bank"
}
@ARTICLE {CULAS1,
    author  = "Culas, Richard J.",
    title   = "Deforestation and the environmental Kuznets curve: An institutional perspective",
    journal = "Ecological Economics",
    year    = "2007",
    volume  = "61",
    number  = "2-3",
    pages   = "429-437",
    urldate = "2016-2-1",
    doi     = "10.1016/j.ecolecon.2006.03.014"
}
@ARTICLE {CULAS11,
    author   = "Culas,Richard J.",
    title    = "Causes of Deforestation and Policies for Reduced Emissions (REDD+): A Cross-Country Analysis",
    journal  = "IUP Journal of Applied Economics",
    year     = "2014",
    volume   = "13",
    number   = "4",
    pages    = "7-27",
    month    = "10",
    abstract = "Deforestation is transformation of forestland for various land uses. Policies aimed at Reducing Emissions from Deforestation and Forest Degradation (REDD+) can provide a way for tackling global warming and climate change. A spatial model of deforestation is considered for designing effective REDD+ policies in view of internalizing the external costs of deforestation. The causes of deforestation can be classified at different levels. In this study, the causes are considered at two levels: the direct (endogenous) and the indirect (exogenous) causes. An econometric model, recursive in nature, is estimated in two stages for analyzing the interactions between the direct and the indirect causes. At the first stage, the direct causes are regressed on the indirect causes by Seemingly Unrelated Regression (SUR) method to account for the correlations between the direct causes. At the second stage, the SUR estimates of the direct causes are used for the regression of a deforestation equation. The results are discussed in relation to Asian, African and Latin American regions to provide an understanding of the mechanism for deforestation process at two levels. The spatial model presented, along with the regression results, can effectively provide guidance for designing REDD+ policies.",
    keywords = "Business And Economics; International; Studies; Deforestation; Land degradation; Emissions control; Environmental policy; 9130:Experiment/theoretical treatment; 9180:International; 1540:Pollution control",
    isbn     = "0972-6861",
    language = "English",
    url      = "http://search.proquest.com/docview/1630008843?accountid=8630"
}
@ARTICLE {ROSTOW,
    author  = "Rostow, W. W.",
    title   = "The Take-Off Into Self-Sustained Growth",
    journal = "The Economic Journal",
    year    = "1956",
    volume  = "66",
    number  = "261",
    pages   = "25",
    urldate = "2016-2-1",
    doi     = "10.2307/2227401"
}
@ARTICLE {MOTEL,
    author  = "Combes Motel, P. and Pirard, R. and Combes, J.-L.",
    title   = "A methodology to estimate impacts of domestic policies on deforestation: Compensated Successful Efforts for avoided deforestation (REDD)",
    journal = "Ecological Economics",
    year    = "2009",
    volume  = "68",
    number  = "3",
    pages   = "680-691",
    urldate = "2016-2-2",
    doi     = "10.1016/j.ecolecon.2008.06.001"
}
@ARTICLE {MEAD,
    author  = "Mead, Robert W. and Brajer, Victor",
    title   = "Environmental Cleanup and Health Gains from {Beijing's} Green Olympics",
    journal = "The China Quarterly",
    year    = "2008",
    volume  = "194",
    doi     = "10.1017/s0305741008000374"
}
@ARTICLE {CONROY,
    author  = "Conroy, Czech",
    title   = "Our Common Future",
    journal = "The Geographical Journal",
    year    = "1988",
    volume  = "154",
    number  = "1",
    pages   = "116",
    doi     = "10.2307/633499"
}
@ARTICLE {WCED,
    journal = "Environment: Science and Policy for Sustainable Development",
    year    = "1991",
    volume  = "33",
    number  = "10",
    pages   = "34-45",
    doi     = "10.1080/00139157.1991.9932554"
}
@TECHREPORT {IPEA,
    author  = "IPEA",
    title   = "Desenvolvimento Sustentavel, Economia Verde e a Rio+20 - Relatorio Rio+20",
    year    = "2012",
    url     = "http://www.ipea.gov.br/agencia/images/stories/PDFs/relatoriopesquisa/120620_relatorio_rio20.pdf",
    urldate = "2016-2-2"
}
@ARTICLE {CARVALHO,
    author  = "Carvalho, Terciane Sabadini and Almeida, Eduardo",
    title   = "A hipotese da curva de Kuznets ambiental global: uma perspectiva econometrico-espacial",
    journal = "Estud. Econ.",
    year    = "2010",
    volume  = "40",
    number  = "3",
    pages   = "587-615",
    doi     = "10.1590/s0101-41612010000300004"
}
@ARTICLE {RUDEL,
    author  = "Rudel, Thomas K.",
    title   = "Is There a Forest Transition? Deforestation, Reforestation, and Development",
    journal = "Rural Sociology",
    year    = "1998",
    volume  = "63",
    number  = "4",
    pages   = "533-552",
    urldate = "2016-2-2",
    doi     = "10.1111/j.1549-0831.1998.tb00691.x"
}
@BOOK {GEIST,
    author    = "Geist, Helmut and Lambin, Eric F",
    title     = "What drives tropical deforestation?",
    publisher = "LUCC International Project Office",
    year      = "2001",
    place     = "Louvain-la-Neuve"
}
@ARTICLE {RICHARDS,
    author  = "Richards, Peter",
    title   = "What Drives Indirect Land Use Change? {How} {Brazil's} Agriculture Sector Influences Frontier Deforestation",
    journal = "Annals of the Association of American Geographers",
    year    = "2015",
    volume  = "105",
    number  = "5",
    pages   = "1026-1040",
    urldate = "2016-2-2",
    doi     = "10.1080/00045608.2015.1060924"
}
@ARTICLE {ALDRICH,
    author  = "Aldrich, Stephen P. and Walker, Robert T. and Arima, Eugenio Y. and Caldas, Marcellus M. and Browder, John O. and Perz, Stephen",
    title   = "Land-Cover and Land-Use Change in the {Brazilian} {Amazon}: Smallholders, Ranchers, and Frontier Stratification",
    journal = "Economic Geography",
    year    = "2009",
    volume  = "82",
    number  = "3",
    pages   = "265-288",
    doi     = "10.1111/j.1944-8287.2006.tb00311.x"
}
@ARTICLE {ANDRADE,
    author  = "Andrade de Sa, Saraly and Palmer, Charles and di Falco, Salvatore",
    title   = "Dynamics of indirect land-use change: Empirical evidence from {Brazil}",
    journal = "Journal of Environmental Economics and Management",
    year    = "2013",
    volume  = "65",
    number  = "3",
    pages   = "377-393",
    doi     = "10.1016/j.jeem.2013.01.001"
}
@ARTICLE {BARONA,
    author  = "Barona, Elizabeth and Ramankutty, Navin and Hyman, Glenn and Coomes, Oliver T",
    title   = "The role of pasture and soybean in deforestation of the {Brazilian} {Amazon}",
    journal = "Environ. Res. Lett.",
    year    = "2010",
    volume  = "5",
    number  = "2",
    pages   = "024002",
    doi     = "10.1088/1748-9326/5/2/024002"
}
@ARTICLE {FARGIONE,
    author  = "Fargione, J. and Hill, J. and Tilman, D. and Polasky, S. and Hawthorne, P.",
    title   = "Land Clearing and the Biofuel Carbon Debt",
    journal = "Science",
    year    = "2008",
    volume  = "319",
    number  = "5867",
    pages   = "1235-1238",
    doi     = "10.1126/science.1152747"
}
@ARTICLE {KEENEY,
    author  = "Keeney, Roman and Hertel, Thomas W.",
    title   = "The Indirect Land Use Impacts of United States Biofuel Policies: The Importance of Acreage, Yield, and Bilateral Trade Responses",
    journal = "American Journal of Agricultural Economics",
    year    = "2009",
    volume  = "91",
    number  = "4",
    pages   = "895-909",
    doi     = "10.1111/j.1467-8276.2009.01308.x"
}
@ARTICLE {LAMBIN1,
    author  = "Lambin, E. F. and Meyfroidt, P.",
    title   = "Global land use change, economic globalization, and the looming land scarcity",
    journal = "Proceedings of the National Academy of Sciences",
    year    = "2011",
    volume  = "108",
    number  = "9",
    pages   = "3465-3472",
    doi     = "10.1073/pnas.1100480108"
}
@ARTICLE {DONG,
    author  = "Searchinger, T. and Heimlich, R. and Houghton, R. A. and Dong, F. and Elobeid, A. and Fabiosa, J. and Tokgoz, S. and Hayes, D. and Yu, T.-H.",
    title   = "Use of U.S. Croplands for Biofuels Increases Greenhouse Gases Through Emissions from Land-Use Change",
    journal = "Science",
    year    = "2008",
    volume  = "319",
    number  = "5867",
    pages   = "1238-1240",
    doi     = "10.1126/science.1151861"
}
@ARTICLE {LAKES,
    author  = "Gollnow, Florian and Lakes, Tobia",
    title   = "Policy change, land use, and agriculture: The case of soy production and cattle ranching in {Brazil}, 2001-2012",
    journal = "Applied Geography",
    year    = "2014",
    volume  = "55",
    pages   = "203-211",
    urldate = "2016-2-2",
    doi     = "10.1016/j.apgeog.2014.09.003"
}
@ARTICLE {FENGER,
    author  = "Reenberg, Anette and Fenger, Nina Astrid",
    title   = "Globalizing land use transitions: the soybean acceleration",
    journal = "Geografisk Tidsskrift-Danish Journal of Geography",
    year    = "2011",
    volume  = "111",
    number  = "1",
    pages   = "85-92",
    doi     = "10.1080/00167223.2011.10669524"
}
@TECHREPORT {WOLF,
    author  = "Wolfersberger, Julien and S. Amacher, Gregory and Delacote, Philippe and Dragicevic, Arnaud",
    title   = "Climate Economics Chair - Paris Dauphine University CDC Climat",
    year    = "2014",
    url     = "http://www.webmeets.com/files/papers/wcere/2014/1788/Dynamics_1.4.pdf",
    urldate = "2016-2-2",
    journal = "The dynamics of deforestation and reforestation in a developing economy"
}
@ARTICLE {OJIMA,
    author   = "Ojima,D. S. and Galvin,K. A. and Turner,B L,,II",
    title    = "The global impact of land-use change",
    journal  = "Bioscience",
    year     = "1994",
    volume   = "44",
    number   = "5",
    pages    = "300",
    month    = "05",
    note     = "Copyright - Copyright American Institute of Biological Sciences May 1994; Última atualizaçao em - 2014-09-20; CODEN - BISNAS",
    abstract = "Key research issues relative to rapid changes in land use and land cover that affect the global environment are discussed, including social-economic factors. It is difficult to predict how social-economical factors affecting land-use practices will be affected by changes in climate or atmospheric chemistry.",
    keywords = "Medical Sciences; Social conditions \& trends; Land use; Environment; Economic conditions",
    isbn     = "00063568",
    language = "English",
    url      = "http://search.proquest.com/docview/216358997?accountid=8630"
}
@ARTICLE {ARIMA,
    author  = "Arima, Eugenio Y. and Barreto, Paulo and Araujo, Elis and Soares-Filho, Britaldo",
    title   = "Public policies can reduce tropical deforestation: Lessons and challenges from {Brazil}",
    journal = "Land Use Policy",
    year    = "2014",
    volume  = "41",
    pages   = "465-473",
    urldate = "2016-2-5",
    doi     = "10.1016/j.landusepol.2014.06.026"
}
@BOOK {LEEMANS,
    author    = "Leemans, R.",
    title     = "Why regional and spatial specificity is needed in environmental assessments? In: Integrated regional assessment of global climate change  / Knight, G., Jäger, J.",
    publisher = "Cambridge University Press",
    year      = "2009",
    place     = "Cambridge, UK"
}
@ARTICLE {EHRLICH,
    author  = "Ehrlich, P. R. and Holdren, J. P.",
    title   = "Impact of Population Growth",
    journal = "Science",
    year    = "1971",
    volume  = "171",
    number  = "3977",
    pages   = "1212-1217",
    doi     = "10.1126/science.171.3977.1212"
}
@ARTICLE {KAYA,
    author       = "Kaya, Yoichi",
    title        = "Impact of Carbon Dioxide Emission Control on GNP Growth: Interpretation of Proposed Scenarios",
    journal      = "IPCC Energy and Industry Subgroup, Response Strategies Working Group",
    year         = "1990",
    howpublished = "\url{http://www.ipcc.ch/ipccreports/sres/emission/index.php?idp=48} Online; Accessed 2016-2-5",
    }
@BOOK {LAMBIN2,
    author    = "Lambin, Eric F and Geist, Helmut",
    title     = "Land-use and land-cover change. Local Processes and Global Impacts.",
    publisher = "Springer - Verlag",
    year      = "2006",
    place     = "Berlin"
}
@ARTICLE {GEIST2,
    author  = "Geist, Helmut J. and Lambin, Eric F.",
    title   = "Proximate Causes and Underlying Driving Forces of Tropical Deforestation",
    journal = "BioScience",
    year    = "2002",
    volume  = "52",
    number  = "2",
    pages   = "143",
    doi     = "10.1641/0006-3568(2002)052[0143:pcaudf]2.0.co;2"
}
@ARTICLE {MEYER,
    author  = "Meyer, William B. and Turner, B. L.",
    title   = "Human Population Growth and Global Land-Use/Cover Change",
    journal = "Annu. Rev. Ecol. Syst.",
    year    = "1992",
    volume  = "23",
    number  = "1",
    pages   = "39-61",
    doi     = "10.1146/annurev.es.23.110192.000351"
}
@ARTICLE {ANGELSEN,
    author  = "Angelsen, A. and Kaimowitz, D.",
    title   = "Rethinking the Causes of Deforestation: Lessons from Economic Models",
    journal = "The World Bank Research Observer",
    year    = "1999",
    volume  = "14",
    number  = "1",
    pages   = "73-98",
    doi     = "10.1093/wbro/14.1.73"
}
@ARTICLE {ANGELSEN2,
    author  = "Kaimowitz, David and Angelsen, Arild",
    title   = "Will Livestock Intensification Help Save {Latin} {America's} Tropical Forests?",
    journal = "Journal of Sustainable Forestry",
    year    = "2008",
    volume  = "27",
    number  = "1-2",
    pages   = "6-24",
    doi     = "10.1080/10549810802225168"
}
@MISC {ARAUJO,
    author   = "Pascale,COMBES M. and COMBES,Jean-Louis and Catherine,ARAUJO B. and ARAUJO,Claudio and REIS,Eustaquio J.",
    title    = "Does Land Tenure Insecurity Drive Deforestation in the {Brazilian Amazon}?",
    year     = "2010",
    note     = "Copyright - Copyright FEDERAL RESERVE BANK OF ST LOUIS 2010; Última atualizaçao em - 2015-10-03",
    journal  = "IDEAS Working Paper Series from RePEc",
    abstract = "The purpose of this paper is to highlight the detrimental impact of land tenure insecurity on deforestation in the Brazilian Amazon. It is related to recent controversies about the detrimental impact of land laws on deforestation, which seem to legitimize land encroachments. The latter is mainly the result of land tenure insecurity which is a key characteristic of this region and results from a long history of interactions between rural social unrest and land reforms or land laws. A simple model is developed where strategic interactions between farmers lead to excessive deforestation. One of the empirical implications of the model is a positive relationship between land tenure insecurity and the extent of deforestation. The latter is tested on data from a panel of Brazilian Amazon municipalities. The negative effect of land tenure insecurity proxied by the number of squatters on deforestation is not rejected when estimations are controlled for the possible endogeneity of squatters. One of the main policy implications is that ex post legalizations of settlements must be accompanied by the enforcement of environmental obligations.",
    keywords = "Business And Economics; ideas.repec.org/p/cdi/wpaper/1163.html",
    language = "English",
    url      = "https://search-proquest-com.ezproxyd.bham.ac.uk/docview/1698008096?accountid=8630"
}
@ARTICLE {CONTRERAS,
    author  = "Contreras-Hermosilla, Arnoldo",
    title   = "People, Governance and Forests - The Stumbling Blocks in Forest Governance Reform in {Latin} {America}",
    journal = "Forests",
    year    = "2011",
    volume  = "2",
    number  = "4",
    pages   = "168-199",
    doi     = "10.3390/f2010168"
}
@ARTICLE {BROOKFIELD,
    author  = "Brookfield, Harold and Byron, Yvonne",
    title   = "Deforestation and timber extraction in {Borneo} and the {Malay} Peninsula",
    journal = "Global Environmental Change",
    year    = "1990",
    volume  = "1",
    number  = "1",
    pages   = "42-56",
    doi     = "10.1016/0959-3780(90)90006-u"
}
@BOOK {FAO1,
    author    = "Srivastava, Mukesh K and Stefanelli, Franco and Neciu, Adriana",
    title     = "2000 world census of agriculture",
    publisher = "Food and Agriculture Organisation of the United Nations",
    year      = "2010",
    place     = "Rome"
}
@BOOK {FAO11,
    author    = "FAO,",
    title     = "System of integrated agricultural census and survey",
    publisher = "FAO",
    year      = "2005",
    place     = "Rome"
}
@ARTICLE {BARBIER1,
    author  = "Barbier, Edward B.",
    title   = "Agricultural Expansion, Resource Booms and Growth in {Latin} {America}: Implications for Long-run Economic Development",
    journal = "World Development",
    year    = "2004",
    volume  = "32",
    number  = "1",
    pages   = "137-157",
    urldate = "2016-2-6",
    doi     = "10.1016/j.worlddev.2003.07.005"
}
@ARTICLE {BARBIER2,
    author  = "Barbier, E. B.",
    title   = "Explaining Agricultural Land Expansion and Deforestation in Developing Countries",
    journal = "American Journal of Agricultural Economics",
    year    = "2004",
    volume  = "86",
    number  = "5",
    pages   = "1347-1353",
    doi     = "10.1111/j.0002-9092.2004.00688.x"
}
@ARTICLE {BAUDRON,
    author  = "Baudron, Frederic and Giller, Ken E.",
    title   = "Agriculture and nature: Trouble and strife?",
    journal = "Biological Conservation",
    year    = "2014",
    volume  = "170",
    pages   = "232-245",
    doi     = "10.1016/j.biocon.2013.12.009"
}
@ARTICLE {VALENTIM,
    author  = "Latawiec, A. E. and Strassburg, B. B. N. and Valentim, J. F. and Ramos, F. and Alves-Pinto, H. N.",
    title   = "Intensification of cattle ranching production systems: socioeconomic and environmental synergies and risks in {Brazil}",
    journal = "Animal",
    year    = "2014",
    volume  = "8",
    number  = "08",
    pages   = "1255-1263",
    urldate = "2016-2-6",
    doi     = "10.1017/s1751731114001566"
}
@ARTICLE {DAVALOS,
    author  = "Davalos, Liliana M. and Holmes, Jennifer S. and Rodriguez, Nelly and Armenteras, Dolors",
    title   = "Demand for beef is unrelated to pasture expansion in northwestern {Amazonia}",
    journal = "Biological Conservation",
    year    = "2014",
    volume  = "170",
    pages   = "64-73",
    doi     = "10.1016/j.biocon.2013.12.018"
}
@ARTICLE {MOLINA,
    author  = "Molina Vale, Petterson",
    title   = "The Conservation versus Production Trade-Off: Does Livestock Intensification Increase Deforestation? The Case of the {Brazilian} {Amazon}",
    journal = "SSRN Electronic Journal",
    year    = "2014",
    doi     = "10.2139/ssrn.2575610"
}
@MISC {FAO2,
    author  = "FAO,",
    title   = "LIVESTOCK POLICY BRIEF N.3",
    year    = "2006",
    url     = "http://www.fao.org/3/a-a0262e.pdf",
    urldate = "2016-2-6"
}
@ARTICLE {ANGELSEN3,
    author  = "Angelsen, Arild",
    title   = "Shifting cultivation and 'deforestation': A study from {Indonesia}",
    journal = "World Development",
    year    = "1995",
    volume  = "23",
    number  = "10",
    pages   = "1713-1729",
    doi     = "10.1016/0305-750x(95)00070-s"
}
@ARTICLE {AUGELLI,
    author  = "Augelli, John P.",
    title   = "Agricultural Colonization in the {Dominican Republic}",
    journal = "Economic Geography",
    year    = "1962",
    volume  = "38",
    number  = "1",
    pages   = "15",
    urldate = "2016-2-7",
    doi     = "10.2307/142322"
}
@MISC {CARR,
    author       = "L. Carr, David",
    title        = "Colonization, clear-cutting, and cornfields: Rural migration and deforestation in The {Sierra} de {Lacandon} National Park, {Peten}, {Guatemala}",
    howpublished = "\url{http://geog.ucsb.edu/~carr/DCarr_Publications/DCarr_LASA_Proceedings_00.pdf} Online; Accessed 2016-2-7",
    year         = "2000",
    journal      = "Proceedings of the Conference of the Latin American Studies Association of America"
}
@ARTICLE {RICHARDS2,
    author  = "Richards, Peter and VanWey, Leah",
    title   = "Where Deforestation Leads to Urbanization: How Resource Extraction Is Leading to Urban Growth in the {Brazilian} {Amazon}",
    journal = "Annals of the Association of American Geographers",
    year    = "2015",
    volume  = "105",
    number  = "4",
    pages   = "806-823",
    urldate = "2016-2-7",
    doi     = "10.1080/00045608.2015.1052337"
}
@ARTICLE {THAPA,
    author  = "Thapa, Shova and Chapman, Daniel S.",
    title   = "Impacts of resource extraction on forest structure and diversity in {Bardia} National Park, {Nepal}",
    journal = "Forest Ecology and Management",
    year    = "2010",
    volume  = "259",
    number  = "3",
    pages   = "641-649",
    urldate = "2016-2-7",
    doi     = "10.1016/j.foreco.2009.11.023"
}
@ARTICLE {STERN,
    author  = "Waiswa, Daniel and Stern, Marc J. and Prisley, Stephen P.",
    title   = "Drivers of Deforestation in the Lake Victoria Crescent, {Uganda}",
    journal = "Journal of Sustainable Forestry",
    year    = "2015",
    volume  = "34",
    number  = "3",
    pages   = "259-275",
    urldate = "2016-2-7",
    doi     = "10.1080/10549811.2014.1003565"
}
@ARTICLE {PFAFF,
    author  = "Pfaff, Alexander S.P.",
    title   = "What Drives Deforestation in the {Brazilian} {Amazon?}",
    journal = "Journal of Environmental Economics and Management",
    year    = "1999",
    volume  = "37",
    number  = "1",
    pages   = "26-43",
    urldate = "2016-2-7",
    doi     = "10.1006/jeem.1998.1056"
}
@ARTICLE {BROOKS,
    author  = "Brooks, Christopher P. and Holmes, Christopher and Kramer, Karen and Barnett, Barry and Keitt, Timothy H.",
    title   = "The Role of Demography and Markets in Determining Deforestation Rates Near {Ranomafana} National Park, {Madagascar}",
    journal = "PLoS ONE",
    year    = "2009",
    volume  = "4",
    number  = "6",
    pages   = "e5783",
    urldate = "2016-2-7",
    doi     = "10.1371/journal.pone.0005783"
}
@ARTICLE {KUIK,
    author  = "Kuik, Onno",
    title   = "REDD+ and international leakage via food and timber markets: a CGE analysis",
    journal = "Mitig Adapt Strateg Glob Change",
    year    = "2013",
    volume  = "19",
    number  = "6",
    pages   = "641-655",
    urldate = "2016-2-7",
    doi     = "10.1007/s11027-013-9527-2"
}
@ARTICLE {VILLORIA,
    author  = "Villoria, N. B. and Byerlee, D. and Stevenson, J.",
    title   = "The Effects of Agricultural Technological Progress on Deforestation: What Do We Really Know?",
    journal = "Applied Economic Perspectives and Policy",
    year    = "2014",
    volume  = "36",
    number  = "2",
    pages   = "211-237",
    urldate = "2016-2-7",
    doi     = "10.1093/aepp/ppu005"
}
@ARTICLE {COE,
    author  = "Stickler, Claudia M. and Coe, Michael T. and Costa, Marcos H. and Nepstad, Daniel C. and McGrath, David G. and Dias, Livia C. P. and Rodrigues, Hermann O. and Soares-Filho, Britaldo S.",
    title   = "Dependence of hydropower energy generation on forests in the {Amazon} Basin at local and regional scales",
    journal = "Proceedings of the National Academy of Sciences",
    year    = "2013",
    volume  = "110",
    number  = "23",
    pages   = "9601-9606",
    urldate = "2016-2-7",
    doi     = "10.1073/pnas.1215331110"
}
@ARTICLE {BAYNARD,
    author  = "Baynard, Chris W. and Ellis, James M. and Davis, Hattie",
    title   = "Roads, petroleum and accessibility: the case of {Eastern} {Ecuador}",
    journal = "GeoJournal",
    year    = "2012",
    volume  = "78",
    number  = "4",
    pages   = "675-695",
    urldate = "2016-2-7",
    doi     = "10.1007/s10708-012-9459-5"
}
@ARTICLE {DELGADO,
    author  = "Swenson, Jennifer J. and Carter, Catherine E. and Domec, Jean-Christophe and Delgado, Cesar I.",
    title   = "Gold Mining in the {Peruvian} {Amazon}: Global Prices, Deforestation, and Mercury Imports",
    journal = "PLoS ONE",
    year    = "2011",
    volume  = "6",
    number  = "4",
    pages   = "e18875",
    urldate = "2016-2-7",
    doi     = "10.1371/journal.pone.0018875"
}
@ARTICLE {MACHADO,
    author  = "Machado, Karina S. and Froehner, Sandro and Sanez, Juan and Figueira, Rubens C.L. and Ferreira, Paulo A.L.",
    title   = "Assessment of historical fecal contamination in {Curitiba}, {Brazil}, in the last 400 years using fecal sterols",
    journal = "Science of The Total Environment",
    year    = "2014",
    volume  = "493",
    pages   = "1065-1072",
    urldate = "2016-2-7",
    doi     = "10.1016/j.scitotenv.2014.06.104"
}
@ARTICLE {SOLER,
    author  = "Soler, Luciana and Verburg, Peter and Alves, Diogenes",
    title   = "Evolution of Land Use in the {Brazilian} {Amazon}: From Frontier Expansion to Market Chain Dynamics",
    journal = "Land",
    year    = "2014",
    volume  = "3",
    number  = "3",
    pages   = "981-1014",
    urldate = "2016-2-8",
    doi     = "10.3390/land3030981"
}
@ARTICLE {CROPPER1,
    author  = "Cropper, Maureen and Puri, Jyotsna and Griffiths, Charles",
    title   = "Predicting the Location of Deforestation: The Role of Roads and Protected Areas in North {Thailand}",
    journal = "Land Economics",
    year    = "2001",
    volume  = "77",
    number  = "2",
    pages   = "172",
    urldate = "2016-2-8",
    doi     = "10.2307/3147088"
}
@ARTICLE {ZAMBRANO,
    author  = "Almeyda Zambrano, Angelica M and Broadbent, Eben N and Schmink, Marianne and Perz, Stephen G and Asner, Gregory P",
    title   = "Deforestation drivers in Southwest Amazonia: Comparing smallholder farmers in {Iapari}, {Peru}, and {Assis} {Brasil}, Brazil",
    journal = "Conservation and Society",
    year    = "2010",
    volume  = "8",
    number  = "3",
    pages   = "157",
    urldate = "2016-2-8",
    doi     = "10.4103/0972-4923.73805"
}
@MISC {FEARNSIDE,
    author  = "Fearnside, Philip M.",
    title   = "The Roles and Movements of Actors in the Deforestation of {Brazilian} {Amazonia}",
    year    = "2008",
    url     = "http://www.ecologyandsociety.org/vol13/iss1/art23/",
    urldate = "2016-2-9",
    journal = "Ecology and Society"
}
@ARTICLE {PERES,
    author  = "Peres, Carlos A. and Schneider, Mauricio",
    title   = "Subsidized agricultural resettlements as drivers of tropical deforestation",
    journal = "Biological Conservation",
    year    = "2012",
    volume  = "151",
    number  = "1",
    pages   = "65-68",
    urldate = "2016-2-9",
    doi     = "10.1016/j.biocon.2011.11.011"
}
@ARTICLE {WONG,
    author  = "Wong, Grace and Darachanthara, Souphith and Soukkhamthat, Thanongsai",
    title   = "Economic Valuation of Land Uses in {Oudomxay} Province, {Lao} PDR: Can REDD+ be Effective in Maintaining Forests?",
    journal = "Land",
    year    = "2014",
    volume  = "3",
    number  = "3",
    pages   = "1059-1074",
    urldate = "2016-2-17",
    doi     = "10.3390/land3031059"
}
@MISC {HEROLD,
    author       = "Kissinger, Gabrielle and Herold, Martin and De Sy, Veronique",
    title        = "Deforestation and forest degradation drivers: synthesis report for REDD+ policymakers - Publications - GOV.UK",
    howpublished = "\url{https://www.gov.uk/government/publications/deforestation-and-forest-degradation-drivers-synthesis-report-for-redd-policymakers} Online; Accessed 2016-2-17",
    year         = "2012",
    journal      = "Gov.uk"
}
@ARTICLE {CLEMENT,
    author  = "Clement, Matthew Thomas and Chi, Guangqing and Ho, Hung Chak",
    title   = "Urbanization and Land-Use Change: A Human Ecology of Deforestation Across the {United} {States}, 2001-2006",
    journal = "Sociol Inq",
    year    = "2015",
    pages   = "n/a-n/a",
    urldate = "2016-2-18",
    doi     = "10.1111/soin.12097"
}
@ARTICLE {GALINATO,
    author  = "Lopez, R. and Galinato, G. I.",
    title   = "Trade Policies, Economic Growth, and the Direct Causes of Deforestation",
    journal = "Land Economics",
    year    = "2005",
    volume  = "81",
    number  = "2",
    pages   = "145-169",
    doi     = "10.3368/le.81.2.145"
}
@ARTICLE {DEFRIES,
    author  = "DeFries, Ruth S. and Rudel, Thomas and Uriarte, Maria and Hansen, Matthew",
    title   = "Deforestation driven by urban population growth and agricultural trade in the twenty-first century",
    journal = "Nature Geoscience",
    year    = "2010",
    volume  = "3",
    number  = "3",
    pages   = "178-181",
    urldate = "2016-2-18",
    doi     = "10.1038/ngeo756"
}
@ARTICLE {BROOKS,
    author  = "Brooks, Christopher P. and Holmes, Christopher and Kramer, Karen and Barnett, Barry and Keitt, Timothy H.",
    title   = "The Role of Demography and Markets in Determining Deforestation Rates Near {Ranomafana} National Park, {Madagascar}",
    journal = "PLoS ONE",
    year    = "2009",
    volume  = "4",
    number  = "6",
    pages   = "e5783",
    urldate = "2016-2-18",
    doi     = "10.1371/journal.pone.0005783"
}
@ARTICLE {MULALE,
    author  = "Mulale, K. and Chanda, R. and Perkins, J. S. and Magole, L. and Sebego, R. J. and Atlhopheng, J. R. and Mphinyane, W. and Reed, M. S.",
    title   = "FORMAL INSTITUTIONS AND THEIR ROLE IN PROMOTING SUSTAINABLE LAND MANAGEMENT IN {BOTETI}, {BOTSWANA}",
    journal = "Land Degrad. Develop.",
    year    = "2014",
    volume  = "25",
    number  = "1",
    pages   = "80-91",
    urldate = "2016-2-18",
    doi     = "10.1002/ldr.2274"
}
@ARTICLE {TAKASAKI1,
    author  = "Takasaki, Y.",
    title   = "Dynamic household models of forest clearing under distinct land and labor market institutions: can agricultural policies reduce tropical deforestation?",
    journal = "Envir. Dev. Econ.",
    year    = "2007",
    volume  = "12",
    number  = "03",
    pages   = "423",
    urldate = "2016-2-18",
    doi     = "10.1017/s1355770x07003567"
}
@ARTICLE {JONES,
    author  = "Jones, Donald W and O'Neill, Robert V",
    title   = "Development policies, rural land use, and tropical deforestation",
    journal = "Regional Science and Urban Economics",
    year    = "1994",
    volume  = "24",
    number  = "6",
    pages   = "753-771",
    doi     = "10.1016/0166-0462(94)90010-8"
}
@ARTICLE {KOYUNCU,
    author  = "Cuneyt Koyuncu, and Rasim Yilmaz,",
    title   = "The Impact of Corruption on Deforestation: A Cross-Country Evidence",
    journal = "The Journal of Developing Areas",
    year    = "2008",
    volume  = "42",
    number  = "2",
    pages   = "213-222",
    urldate = "2016-2-19",
    doi     = "10.1353/jda.0.0010"
}
@MISC {VEIGA,
    author       = "Mendes, Cassandro M. da V.",
    title        = "How does corruption drive illegal deforestation in {Amazon} Forest?",
    howpublished = "\url{http://portalrevistas.ucb.br/index.php/rbee/article/viewFile/4212/2547} Online; Accessed 2016-2-19",
    year         = "2009",
    journal      = "Portalrevistas.ucb.br"
}
@ARTICLE {BRAY,
    author  = "Bray, David Barton and Ellis, Edward A. and Armijo-Canto, Natalia and Beck, Christopher T.",
    title   = "The institutional drivers of sustainable landscapes: a case study of the Mayan Zone in {Quintana Roo}, {Mexico}",
    journal = "Land Use Policy",
    year    = "2004",
    volume  = "21",
    number  = "4",
    pages   = "333-346",
    doi     = "10.1016/j.landusepol.2003.11.001"
}
@ARTICLE {NEPSTAD,
    author  = "Nepstad, D. and McGrath, D. and Stickler, C. and Alencar, A. and Azevedo, A. and Swette, B. and Bezerra, T. and DiGiano, M. and Shimada, J. and Seroa da Motta, R. et al.",
    title   = "Slowing {Amazon} deforestation through public policy and interventions in beef and soy supply chains",
    journal = "Science",
    year    = "2014",
    volume  = "344",
    number  = "6188",
    pages   = "1118-1123",
    doi     = "10.1126/science.1248525"
}
@TECHREPORT {CONTRERAS2,
    author       = "Contreras-Hermosilla, Arnoldo",
    title        = "Law compliance in the forestry sector : an overview.",
    howpublished = "\url{http://siteresources.worldbank.org/WBI/Resources/wbi37205.pdf} Online; Accessed 2016-2-19",
    year         = "2002",
    journal      = "World Bank"
}
@ARTICLE {HAMMIG,
    author  = "Bhattarai, Madhusudan and Hammig, Michael",
    title   = "Institutions and the Environmental Kuznets Curve for Deforestation: A Crosscountry Analysis for {Latin} {America}, {Africa} and {Asia}",
    journal = "World Development",
    year    = "2001",
    volume  = "29",
    number  = "6",
    pages   = "995-1010",
    doi     = "10.1016/s0305-750x(01)00019-5"
}
@ARTICLE {BARRETTO,
    author  = "Barretto, Alberto G. O. P. and Berndes, Goran and Sparovek, Gerd and Wirsenius, Stefan",
    title   = "Agricultural intensification in {Brazil} and its effects on land-use patterns: an analysis of the 1975-2006 period",
    journal = "Glob Change Biol",
    year    = "2013",
    volume  = "19",
    number  = "6",
    pages   = "1804-1815",
    urldate = "2016-2-20",
    doi     = "10.1111/gcb.12174"
}
@ARTICLE {BUSCH,
    author  = "Busch, Christopher and Geoghegan, Jacqueline",
    title   = "Labor scarcity as an underlying cause of the increasing prevalence of deforestation due to cattle pasture development in the southern {Yucatan} region",
    journal = "Regional Environmental Change",
    year    = "2010",
    volume  = "10",
    number  = "3",
    pages   = "191-203",
    urldate = "2016-2-20",
    doi     = "10.1007/s10113-010-0110-z"
}
@ARTICLE {GODOY,
    author  = "Godoy, Ricardo and Contreras, Manuel",
    title   = "A Comparative Study of Education and Tropical Deforestation among Lowland Bolivian Amerindians: Forest Values, Environmental Externality, and School Subsidies",
    journal = "Economic Development and Cultural Change",
    year    = "2001",
    volume  = "49",
    number  = "3",
    pages   = "555-574",
    urldate = "2016-2-24",
    doi     = "10.1086/452515"
}
@ARTICLE {KAREN,
    author  = "Ehrhardt-Martinez, Karen",
    title   = "Social Determinants of Deforestation in Developing Countries: A Cross-National Study",
    journal = "Social Forces",
    year    = "1998",
    volume  = "77",
    number  = "2",
    pages   = "567",
    urldate = "2016-2-24",
    doi     = "10.2307/3005539"
}
@ARTICLE {FARELLA,
    author  = "Oestreicher, Jordan Sky and Farella, Nicolina and Paquet, Serge and Davidson, Robert and Lucotte, Marc and Mertens, Frederic and Saint-Charles, Johanne",
    title   = "Livelihood activities and land-use at a riparian frontier of the {Brazilian Amazon}: quantitative characterisation and qualitative insights into the influence of knowledge, values, and beliefs",
    journal = "Hum Ecol",
    year    = "2014",
    volume  = "42",
    number  = "4",
    pages   = "521-540",
    urldate = "2016-2-24",
    doi     = "10.1007/s10745-014-9667-3"
}
@ARTICLE {PAGE,
    author  = "Entwisle, Barbara and Rindfuss, Ronald R. and Walsh, Stephen J. and Page, Philip H.",
    title   = "Population growth and its spatial distribution as factors in the deforestation of {Nang Rong}, {Thailand}",
    journal = "Geoforum",
    year    = "2008",
    volume  = "39",
    number  = "2",
    pages   = "879-897",
    urldate = "2016-2-24",
    doi     = "10.1016/j.geoforum.2006.09.008"
}
@ARTICLE {ROBINSON,
    author  = "Robinson, Brian E. and Holland, Margaret B. and Naughton-Treves, Lisa",
    title   = "Does secure land tenure save forests? A meta-analysis of the relationship between land tenure and tropical deforestation",
    journal = "Global Environmental Change",
    year    = "2014",
    volume  = "29",
    pages   = "281-293",
    urldate = "2016-2-24",
    doi     = "10.1016/j.gloenvcha.2013.05.012"
}
@ARTICLE {CALDAS,
    author       = "Marcellus Caldas, Robert Walker, Eugenio Arima, Stephen Perz, Stephen Aldrich and Cynthia Simmons",
    title        = "Theorizing Land Cover and Land Use Change: The Peasant Economy of {Amazonian} Deforestation",
    journal      = "Annals of the Association of American Geographers",
    year         = "2007",
    volume       = "97",
    number       = "1",
    pages        = "86-110",
    issn         = "00045608, 14678306",
    url          = "http://www.jstor.org/stable/4620239",
    publisher    = "Association of American Geographers, Taylor \& Francis, Ltd.",
    howpublished = "\url{http://www.jstor.org/stable/4620239} Online; Accessed 2016-2-25"
}
@ARTICLE {BARNI,
    author  = "Barni, Paulo Eduardo and Pereira, Vaneza Barreto and Manzi, Antonio Ocimar and Barbosa, Reinaldo Imbrozio",
    title   = "Deforestation and Forest Fires in {Roraima} and Their Relationship with Phytoclimatic Regions in the {Northern Brazilian Amazon}",
    journal = "Environmental Management",
    year    = "2015",
    volume  = "55",
    number  = "5",
    pages   = "1124-1138",
    urldate = "2016-2-25",
    doi     = "10.1007/s00267-015-0447-7"
}
@ARTICLE {ANAS,
    author  = "Dechert, Georg and Veldkamp, Edzo and Anas, Iswandi",
    title   = "Is soil degradation unrelated to deforestation? Examining soil parameters of land use systems in upland Central {Sulawesi}, {Indonesia}",
    journal = "Plant Soil",
    year    = "2004",
    volume  = "265",
    number  = "1-2",
    pages   = "197-209",
    doi     = "10.1007/s11104-005-0885-8"
}
@ARTICLE {COSTA,
    author  = "Silva Costa, Luiz Gonzaga and Miranda, Izildinha Souza and Grimaldi, Michel and Silva, Mario Lopes and Mitja, Danielle and Lima, Tamara Thaiz Santana",
    title   = "Biomass in different types of land use in the {Brazil's} arc of deforestation",
    journal = "Forest Ecology and Management",
    year    = "2012",
    volume  = "278",
    pages   = "101-109",
    urldate = "2016-2-25",
    doi     = "10.1016/j.foreco.2012.04.007"
}
@ARTICLE {JARED,
    author  = "Rolett, Barry and Diamond, Jared",
    title   = "Environmental predictors of pre-{European} deforestation on {Pacific} islands",
    journal = "Nature",
    year    = "2004",
    volume  = "431",
    number  = "7007",
    pages   = "443-446",
    doi     = "10.1038/nature02801"
}
@ARTICLE {GURSES,
    author  = "Gurses, Mehmet",
    title   = "Environmental Consequences of Civil War: Evidence from the {Kurdish} Conflict in {Turkey}",
    journal = "Civil Wars",
    year    = "2012",
    volume  = "14",
    number  = "2",
    pages   = "254-271",
    urldate = "2016-2-25",
    doi     = "10.1080/13698249.2012.679495"
}
@ARTICLE {PATZ,
    author  = "Olson, Sarah H. and Gangnon, Ronald and Silveira, Guilherme Abbad and Patz, Jonathan A.",
    title   = "Deforestation and Malaria in {Mancio Lima} County, {Brazil}",
    journal = "Emerg. Infect. Dis.",
    year    = "2010",
    volume  = "16",
    number  = "7",
    pages   = "1108-1115",
    urldate = "2016-2-25",
    doi     = "10.3201/eid1607.091785"
}
@ARTICLE {TEMUDO,
    author  = "Temudo, Marina P. and Silva, Joao M.N.",
    title   = "Agriculture and forest cover changes in post-war {Mozambique}",
    journal = "Journal of Land Use Science",
    year    = "2012",
    volume  = "7",
    number  = "4",
    pages   = "425-442",
    urldate = "2016-2-25",
    doi     = "10.1080/1747423x.2011.595834"
}
@ARTICLE {YANG,
    author  = "Ma, Lixin and Qin, Xuebo and Sun, Nan and Yang, Guoting",
    title   = "Human Health Risk of Metals in Drinking-Water Source Areas from a Forest Zone after Long-Term Excessive Deforestation",
    journal = "Human and Ecological Risk Assessment: An International Journal",
    year    = "2014",
    volume  = "20",
    number  = "5",
    pages   = "1200-1212",
    urldate = "2016-2-25",
    doi     = "10.1080/10807039.2013.854134"
}
@ARTICLE {FAO3,
    author       = "Nabuurs, J.G. and Masera, O. and Andrasko, K. and Benitez-Ponce, P. and Boer, R. and Dutschke, M. and Elsiddig, E. and Ford-Robertson, J. and Frumhoff, P. and Karjalainen, T. et al.",
    title        = "Forestry. In Climate Change 2007: Mitigation. Contribution of Working Group III to the Fourth Assessment Report of the Intergovernmental Panel on Climate Change",
    journal      = "IPCC",
    year         = "2007",
    howpublished = "\url{http://www.ipcc.ch/publications_and_data/ar4/wg3/en/ch9.html} Online; Accessed 2016-2-25"
}
@ARTICLE {BONNIE,
    author  = "Bonnie, R.",
    title   = "ENVIRONMENTAL POLICY: Counting the Cost of Deforestation",
    journal = "Science",
    year    = "2000",
    volume  = "288",
    number  = "5472",
    pages   = "1763-1764",
    urldate = "2016-2-25",
    doi     = "10.1126/science.288.5472.1763"
}
@MISC {BLASER,
    author       = "Blaser, Jorgen",
    title        = "Forest law compliance and governance in tropical countries",
    howpublished = "\url{http://www.fao.org/forestry/20060-0ea89047982ec036d58335bdf42a80663.pdf} Online; Accessed 2016-2-25",
    year         = "2010",
    journal      = "FAO"
}
@ARTICLE {JONG,
    author  = "Buizer, Marleen and Humphreys, David and de Jong, Wil",
    title   = "Climate change and deforestation: The evolution of an intersecting policy domain",
    journal = "Environmental Science \& Policy",
    year    = "2014",
    volume  = "35",
    pages   = "1-11",
    doi     = "10.1016/j.envsci.2013.06.001"
}
@ARTICLE {NASCIMENTO,
    author  = "Borner, J. and Wunder, S. and Wertz-Kanounnikoff, S. and Hyman, G. and Nascimento, N.",
    title   = "Forest law enforcement in the {Brazilian Amazon}: Costs and income effects",
    journal = "Global Environmental Change",
    year    = "2014",
    volume  = "29",
    pages   = "294-305",
    urldate = "2016-2-25",
    doi     = "10.1016/j.gloenvcha.2014.04.021"
}
@MISC {FAOSITE,
    author  = "FAO,",
    title   = "Flude| FAO | Food and Agriculture Organisation of the United Nations",
    year    = "2016",
    url     = "http://www.fao.org/forest-resources-assessment/explore-data/flude/en/",
    urldate = "2016-2-26",
    journal = "Fao.org"
}
@ARTICLE {CARR2,
    author  = "Lopez-Carr, David and Burgdorfer, Jason",
    title   = "Deforestation Drivers: Population, Migration, and Tropical Land Use",
    journal = "Environment: Science and Policy for Sustainable Development",
    year    = "2013",
    volume  = "55",
    number  = "1",
    pages   = "3-11",
    urldate = "2016-2-26",
    doi     = "10.1080/00139157.2013.748385"
}
@MISC {IMORI,
    author       = "Imori, Denise and Guilhoto, Joaquim Jose Martins",
    title        = "Tracing {Brazilian} Regions CO2 Emissions in Domestic and Global Trade | NEREUS",
    howpublished = "\url{http://www.usp.br/nereus/?txtdiscussao=tracing-Brazilian-regions\%E2\%80\%99-co2-emissions-in-domestic-and-global-trade} Online; Accessed 2016-2-26",
    year         = "2015",
    journal      = "Usp.br"
}
@MISC {CABRAL,
    author       = "Cabral, Caroline de Souza Rodrigues and Gurgel, Angelo Costa and Paltsev, Sergey",
    title        = "Economic analysis of deforestation reduction in {Brazil}",
    howpublished = "\url{http://purl.umn.edu/211378} Online; Accessed 2016-2-26",
    year         = "2012",
    journal      = "Purl.umn.edu"
}
@ARTICLE {PFAFF2,
    author  = "Pfaff, Alexander S. P.",
    title   = "What Drives Deforestation in the {Brazilian Amazon}? Evidence from Satellite and Socioeconomic Data",
    journal = "Policy Research Working Papers",
    year    = "1997",
    urldate = "2016-2-26",
    doi     = "10.1596/1813-9450-1772"
}
@ARTICLE {PFAFF3,
    author  = "Pfaff, Alexander and Robalino, Juan and Walker, Robert and Aldrich, Steven and Caldas, Marcellus and Reis, Eustaquio and Perz, Stephen and Bohrer, Claudio and Arima, Eugenio and Laurance, William et al.",
    title   = "Road Investments, Spatial Spillovers and Deforestation in the {Brazilian Amazon}",
    journal = "Journal of Regional Science",
    year    = "2007",
    volume  = "47",
    number  = "1",
    pages   = "109-123",
    urldate = "2016-2-26",
    doi     = "10.1111/j.1467-9787.2007.00502.x"
}
@ARTICLE {BORGES,
    author  = "Borges de Lima, Ismar and Buszynski, Leszek",
    title   = "Local environmental governance, public policies and deforestation in {Amazonia}",
    journal = "Management of Env Quality",
    year    = "2011",
    volume  = "22",
    number  = "3",
    pages   = "292-316",
    urldate = "2016-2-26",
    doi     = "10.1108/14777831111122888"
}
@BOOK {TACCONI,
    author      = "Tacconi, L. and Boscolo, M. and Brack, D.",
    title       = "National and international policies to control illegal forest activities",
    year        = "2003",
    place       = "Jakarta",
    institution = "Center for International Forest Research"
}
@BOOK {GEROLD,
    author    = "Gerold, Gerhard and Fremerey, Michael and Guhardja, Edi",
    title     = "Land use, nature conservation and the stability of rainforest margins in {Southeast Asia}",
    publisher = "Springer",
    year      = "2004",
    place     = "Berlin"
}
@ARTICLE {MERTENS,
    author  = "Mertens, Benoit and Kaimowitz, David and Puntodewo, Atie and Vanclay, Jerry and Mendez, Patricia",
    title   = "Modeling Deforestation at Distinct Geographic Scales and Time Periods in {Santa Cruz}, {Bolivia}",
    journal = "International Regional Science Review",
    year    = "2004",
    volume  = "27",
    number  = "3",
    pages   = "271-296",
    doi     = "10.1177/0160017604266027"
}
@ARTICLE {WUNDER,
    author  = "WUNDER, SVEN",
    title   = "The Efficiency of Payments for Environmental Services in Tropical Conservation",
    journal = "Conservation Biology",
    year    = "2007",
    volume  = "21",
    number  = "1",
    pages   = "48-58",
    urldate = "2016-2-27",
    doi     = "10.1111/j.1523-1739.2006.00559.x"
}
@INBOOK {WILLIAMS,
    author    = "Williams, Jeremy",
    title     = "FINANCIAL AND OTHER INCENTIVES FOR PLANTATION ESTABLISHMENT",
    year      = "2002",
    urldate   = "2016-2-27",
    booktitle = "Proceedings of the International Conference on Timber Plantation Development"
}
@BOOK {CLARKE1,
    author        = "Clarke, Mary.",
    title         = "Real barriers to trade in forest products",
    publisher     = "NZ Institute of Economic Research Wellington ",
    year          = "2000 ",
    pages         = "16 ",
    type          = "Book ",
    language      = "English ",
    subjects      = "Forest products industry -- New Zealand.; Forest products -- New Zealand. ",
    life-dates    = "2000 -  ",
    catalogue-url = "http://nla.gov.au/nla.cat-vn1943770 "
}
@ARTICLE {GULLISON,
    author  = "Gullison, R. E.",
    title   = "Does forest certification conserve biodiversity?",
    journal = "Oryx",
    year    = "2003",
    volume  = "37",
    number  = "02",
    doi     = "10.1017/s0030605303000346"
}
@MISC {OLIVEIRA2,
    author       = "Oliveira, Anderson Eduardo Silva",
    title        = "Politicas socioambientais {brasileiras} e o aprendizado de uma nova a\c{c}\~{a}o",
    howpublished = "\url{http://ojs.c3sl.ufpr.br/ojs/index.php/made/article/viewFile/20891/14462} Online; Accessed 2016-2-28",
    year         = "2011",
    journal      = "Desenvolvimento e Meio Ambiente"
}
@ARTICLE {AUBERTIN,
    author  = "Aubertin, Catherine",
    title   = "Deforestation control policies in {Brazil}: sovereignty versus the market",
    journal = "Forests, Trees and Livelihoods",
    year    = "2015",
    volume  = "24",
    number  = "3",
    pages   = "147-162",
    urldate = "2016-2-28",
    doi     = "10.1080/14728028.2015.1017540"
}
@ARTICLE {LEMOS,
    author  = "Lemos, M. C. and Roberts, J. T.",
    title   = "Environmental policy-making networks and the future of the {Amazon}",
    journal = "Philosophical Transactions of the Royal Society B: Biological Sciences",
    year    = "2008",
    volume  = "363",
    number  = "1498",
    pages   = "1897-1902",
    doi     = "10.1098/rstb.2007.0038"
}
@ARTICLE {VALENTIM2,
    author  = "Dias, Lilian Fernandes Oliveira and Dias, David Valentim and Magnusson, William Ernest",
    title   = "Influence of Environmental Governance on Deforestation in Municipalities of the {Brazilian Amazon}",
    journal = "PLOS ONE",
    year    = "2015",
    volume  = "10",
    number  = "7",
    pages   = "e0131425",
    urldate = "2016-2-28",
    doi     = "10.1371/journal.pone.0131425"
}
@ARTICLE {BENNO,
    author  = "Pokorny, Benno and Scholz, Imme and de Jong, Wil",
    title   = "REDD+ for the poor or the poor for REDD+? About the limitations of environmental policies in the {Amazon} and the potential of achieving environmental goals through pro-poor policies",
    journal = "Ecology and Society",
    year    = "2013",
    volume  = "18",
    number  = "2",
    urldate = "2016-2-28",
    doi     = "10.5751/es-05458-180203"
}
@MISC {MMA,
    author       = "MMA-CNUC, (Ministerio do Meio Ambiente),",
    title        = "{Cadastro nacional das unidades de conservacao. Tabela consolidada das Unidades de Conservacao}",
    howpublished = "\url{http://www.mma.gov.br/cadastro_uc}, Online; Accessed 2017-08-11",
    year         = "2017",
    journal      = "Mma.gov.br"
}
@BOOK {EDF,
    author = "Environmental Defense Fund, EDF.",
    title  = "Brazil national and state REDD",
    year   = "2009",
    pages  = "1-5"
}
@MISC {INPEPPT,
    author = "Ywata, Alexandre and Mosnier, Aline and Kapos, Valerie and Camara, Gilberto and Obersteiner, Michael",
    title  = "Policy Instruments and Institutional Arrangements into GLOBIOM",
    year   = "2012"
}
@MISC {RAUL,
    author       = "Alegrett, Raul",
    title        = "Evolucion y tendencias de las reformas agrarias en {America Latina}",
    howpublished = "\url{http://www.fao.org/docrep/006/j0415t/j0415t0b.htm} Online; Accessed 2016-2-29",
    year         = "2003",
    journal      = "Fao.org"
}
@ARTICLE {DIPROSE,
    author  = "Diprose, Gradon and McGregor, Andrew",
    title   = "Dissolving the sugar fields: Land reform and resistance identities in the {Philippines}",
    journal = "Singapore Journal of Tropical Geography",
    year    = "2009",
    volume  = "30",
    number  = "1",
    pages   = "52-69",
    urldate = "2016-2-29",
    doi     = "10.1111/j.1467-9493.2008.00354.x"
}
@ARTICLE {LUDEWIG,
    author  = "Ludewigs, Thomas and Dantona, Alvaro de Oliveira and Brondazio, Eduardo Sonnewend and Hetrick, Scott",
    title   = "Agrarian Structure and Land-cover Change Along the Lifespan of Three Colonization Areas in the {Brazilian Amazon}",
    journal = "World Development",
    year    = "2009",
    volume  = "37",
    number  = "8",
    pages   = "1348-1359",
    urldate = "2016-2-29",
    doi     = "10.1016/j.worlddev.2008.08.018"
}
@ARTICLE {ESPADA,
    author  = "Ezzine-de-Blas, Driss and Barner, Jan and Violato-Espada, Ana-Luiza and Nascimento, Natalia and Piketty, Marie-Gabrielle",
    title   = "Forest loss and management in land reform settlements: Implications for REDD governance in the {Brazilian Amazon}",
    journal = "Environmental Science \& Policy",
    year    = "2011",
    volume  = "14",
    number  = "2",
    pages   = "188-200",
    urldate = "2016-2-29",
    doi     = "10.1016/j.envsci.2010.11.009"
}
@BOOK {INCRA,
    author      = "INCRA,",
    title       = "Na luta pela Reforma Agraria: Incra 45 anos.",
    year        = "2015",
    place       = "Brasilia",
    institution = "MDA/INCRA",
    pages       = "1-45"
}
@ARTICLE {SHAPIRO,
    author  = "Shapiro, Dolores",
    title   = "Migrants to {Amazonia}: Spontaneous Colonization In the {Brazilian} Frontier:Migrants to {Amazonia}: Spontaneous Colonization In the Brazilian Frontier.",
    journal = "Latin American Anthropology Review",
    year    = "1990",
    volume  = "2",
    number  = "2",
    pages   = "68-69",
    doi     = "10.1525/jlat.1990.2.2.68"
}
@ARTICLE {WATTS,
    author  = "Watts, Michael",
    title   = "{Latin America} -  implications of land use and abuse",
    journal = "Land Use Policy",
    year    = "1984",
    volume  = "1",
    number  = "3",
    pages   = "243-251",
    doi     = "10.1016/0264-8377(84)90067-x"
}
@ARTICLE {CALDAS2,
    author  = "Wang, Chuyuan and Caldas, Marcellus M.",
    title   = "Fragmentation Patterns in Land Reform Settlements in the {Brazilian Amazon}",
    journal = "Society \& Natural Resources",
    year    = "2014",
    volume  = "27",
    number  = "7",
    pages   = "742-758",
    urldate = "2016-3-1",
    doi     = "10.1080/08941920.2014.905889"
}
@ARTICLE {ROCHA,
    author  = "Fernandes Rocha, Herivelto",
    title   = "Disputa territorial, conceitualizacao e atualidade da Reforma Agraria no {Brasil}",
    journal = "GEOGRAPHOS",
    year    = "2013",
    volume  = "4",
    urldate = "2016-3-1",
    doi     = "10.14198/geogra2013.4.50"
}
@ARTICLE {PACHECO,
    author  = "Pacheco, Pablo",
    title   = "Agrarian Reform in the {Brazilian Amazon}: Its Implications for Land Distribution and Deforestation",
    journal = "World Development",
    year    = "2009",
    volume  = "37",
    number  = "8",
    pages   = "1337-1347",
    urldate = "2016-3-1",
    doi     = "10.1016/j.worlddev.2008.08.019"
}
@ARTICLE {PERES2,
    author  = "Schneider, Mauricio and Peres, Carlos A.",
    title   = "Environmental Costs of Government-Sponsored Agrarian Settlements in {Brazilian Amazonia}",
    journal = "PLOS ONE",
    year    = "2015",
    volume  = "10",
    number  = "8",
    pages   = "e0134016",
    doi     = "10.1371/journal.pone.0134016"
}
@ARTICLE {CHOW,
    author  = "Chowdhury, Rinku Roy",
    title   = "Driving forces of tropical deforestation: The role of remote sensing and spatial models",
    journal = "Singapore J Trop Geo",
    year    = "2006",
    volume  = "27",
    number  = "1",
    pages   = "82-101",
    urldate = "2016-3-1",
    doi     = "10.1111/j.1467-9493.2006.00241.x"
}
@MISC {IPEA2,
    author       = "IPEA,",
    title        = "O que e {Amazonia} Legal?",
    howpublished = "\url{http://www.ipea.gov.br/desafios/index.php?option=com_content\&id=2154:catid=28\&Itemid=23} Online; Accessed 2016-3-2",
    year         = "2008",
    journal      = "Ipea.gov.br"
}
@BOOK {JEPMA,
    author    = "Jepma, C. J",
    title     = "Tropical deforestation",
    publisher = "Earthscan Publications",
    year      = "1995",
    place     = "London"
}
@BOOK {ANGELSEN4,
    author    = "Kaimowitz, David and Angelsen, Arild",
    title     = "Economic models of tropical deforestation",
    publisher = "CIFOR",
    year      = "1998",
    place     = "Bogor, Indonesia"
}
@ARTICLE {CROPPER2,
    author  = "Mani, Muthukumara and Griffiths, Charles",
    title   = "Roads, Population Pressures, and Deforestation in {Thailand}, 1976-89",
    journal = "Policy Research Working Papers",
    year    = "1997",
    urldate = "2016-3-2",
    doi     = "10.1596/1813-9450-1726"
}
@ARTICLE {SETO,
    author  = "Seto, Karen C. and Kaufmann, Robert K.",
    title   = "Modeling the Drivers of Urban Land Use Change in the {Pearl River Delta, China}: Integrating Remote Sensing with Socioeconomic Data",
    journal = "Land Economics",
    year    = "2003",
    volume  = "79",
    number  = "1",
    pages   = "106",
    urldate = "2016-3-2",
    doi     = "10.2307/3147108"
}
@ARTICLE {WALKER,
    author  = "Walker, Robert and Solecki, William",
    title   = "Theorising Land-Cover and Land-Use Change: The Case of the {Florida} Everglades and Its Degradation",
    journal = "Annals of the Association of American Geographers",
    year    = "2004",
    volume  = "94",
    number  = "2",
    pages   = "311-328",
    doi     = "10.1111/j.1467-8306.2004.09402010.x"
}
@ARTICLE {ANGELSEN5,
    author  = "Angelsen, Arild",
    title   = "Agricultural expansion and deforestation: modelling the impact of population, market forces and property rights",
    journal = "Journal of Development Economics",
    year    = "1999",
    volume  = "58",
    number  = "1",
    pages   = "185-218",
    urldate = "2016-3-2",
    doi     = "10.1016/s0304-3878(98)00108-4"
}
@BOOK {ANSELIN,
    author    = "Anselin, Luc",
    title     = "Spatial econometrics",
    publisher = "Kluwer Academic Publishers",
    year      = "1988",
    place     = "Dordrecht"
}
@BOOK {BALTAGI,
    author    = "Baltagi, Badi H",
    title     = "Econometric analysis of panel data",
    publisher = "Wiley",
    year      = "1995",
    place     = "Chichester"
}
@BOOK {ALMEIDA,
    author    = "Almeida, Eduardo",
    title     = "Econometria Espacial Aplicada",
    publisher = "Alinea",
    year      = "2012",
    place     = "Campinas, SP",
    pages     = "407-446"
}
@MISC {INPE21,
    author       = "INPE",
    title        = "Instituto Nacional de Pesquisas Espaciais",
    howpublished = "\url{http://www.inpe.br/} Online; Accessed 2016-3-17",
    year         = "2016",
    journal      = "instituto nacional de pesquisas espaciais"
}
@BOOK {DAVID,
    author    = "Ricardo, David",
    title     = "On the principles of political economy and taxation",
    publisher = "Electric Book Co.",
    year      = "2001",
    place     = "London"
}
@ARTICLE {VON,
    author  = "Beckmann, Martin J.",
    title   = "{Von Thunen} Revisited: A Neoclassical Land Use Model",
    journal = "The Swedish Journal of Economics",
    year    = "1972",
    volume  = "74",
    number  = "1",
    pages   = "1",
    doi     = "10.2307/3439005"
}
@MISC {IBGE1,
    author       = "IBGE",
    title        = "{Instituto Brasileiro de Geografia e Estatistica}",
    howpublished = "\url{http://www.ibge.br/} Online; Accessed 2017-08-30",
    year         = "2017",
    url          = "http://www.ibge.br/",
    journal      = "Instituto Brasileiro de Geografia e Estatistica"
}
@ARTICLE {FAO31,
    author  = "Nabuurs, J.G.,  Masera, O., Andrasko, K.,Benitez-Ponce, P., Boer, R., Dutschke, M.,Elsiddig, E.,Ford-Robertson, J., Frumhoff, P. and Karjalainen, T. et al.",
    title   = "Forestry. In Climate Change 2007: Mitigation. Contribution of Working Group III to the Fourth Assessment Report of the Intergovernmental Panel on Climate Change",
    journal = "IPCC",
    year    = "2007",
    howpublished    = "\url{http://www.ipcc.ch/publications_and_data/ar4/wg3/en/ch9.html} Online; Accessed 2016-2-25"
    }
@ARTICLE {achard_stibig_eva_lindquist_bouvet_arino_mayaux_2010,
    author  = "Achard, Frederic and Stibig, Hans-Jorgen and Eva, Hugh D and Lindquist, Erik J and Bouvet, Alexandre and Arino, Olivier and Mayaux, Philippe",
    title   = "Estimating tropical deforestation from {Earth} observation data",
    journal = "Carbon Management",
    year    = "2010",
    volume  = "1",
    number  = "2",
    pages   = "271-287",
    doi     = "10.4155/cmt.10.30"
}
@ARTICLE {kintisch_2007,
    author  = "Kintisch, E.",
    title   = "CARBON EMISSIONS: Improved Monitoring of Rainforests Helps Pierce Haze of Deforestation",
    journal = "Science",
    year    = "2007",
    volume  = "316",
    number  = "5824",
    pages   = "536-537",
    doi     = "10.1126/science.316.5824.536"
}
@MISC {CEPEA,
    author       = "CEPEA",
    title        = "{Centro de Estudos Avançados em Economia Aplicada - CEPEA/ESALQ}",
    howpublished = "\url{http://www.cepea.esalq.usp.br/br} Online; Accessed 2017-08-01",
    year         = "2017",
    journal      = "CEPEA"
}
@ARTICLE {hargrave_kis-katos_2012,
    author  = "Hargrave, Jorge and Kis-Katos, Krisztina",
    title   = "Economic Causes of Deforestation in the {Brazilian Amazon}: A Panel Data Analysis for the 2000s",
    journal = "Environmental and Resource Economics",
    year    = "2012",
    volume  = "54",
    number  = "4",
    pages   = "471-494",
    doi     = "10.1007/s10640-012-9610-2"
}
@MISC {inpe,
    author       = "INPE",
    title        = "{Instituto Nacional de Pesquisas Espaciais - National Institute for Spatial Research}",
    howpublished = "\url{http://www.inpe.br/ingles/} Online; Accessed 2017-08-01",
    year         = "2017",
    publisher    = "INPE",
    journal      = "Inpe.br"
}
@ARTICLE {assuncao2015,
    author  = "Assunçao, Juliano and Gandour, Clarissa and Rocha, Rudi",
    title   = "Deforestation slowdown in the {Brazilian Amazon}: prices or policies?",
    journal = "Environment and Development Economics",
    year    = "2015",
    volume  = "20",
    number  = "06",
    pages   = "697-722",
    doi     = "10.1017/s1355770x15000078"
}
@MISC {incrawebsite,
    author       = "INCRA",
    title        = "{Secretaria Especial de Agricultura Familiar e do Desenvolvimento Agrario}",
    howpublished = "\url{http://www.mda.gov.br/sitemda/tags/incra} Online; Accessed 2017-08-01",
journal      = "{Ministério do Desenvolvimento Agrario}",
year="2017",
}
@MISC {MMMAwebsite,
    author       = "MMA",
    title        = "{Ministério do Meio Ambiente}",
    howpublished = "\url{http://www.mma.gov.br/} Online; Accessed 2017-08-01",
    year         = "2018",
    journal      = "Ministério do Meio Ambiente"
}
@MISC {IBAMAwebsite,
    author       = "IBAMA",
    title        = "{Instituto Brasileiro do Meio Ambiente e dos Recursos Naturais Renovaveis}",
    howpublished = "\url{http://www.ibama.gov.br/} Online; Accessed 2017-08-01",
    year         = "2017",
    journal      = "{Instituto Brasileiro do Meio Ambiente e dos Recursos Naturais Renovaveis}"
}
@BOOK {WOOLDRIDGE,
    author    = "Wooldridge, Jeffrey M",
    title     = "Econometric analysis of cross section and panel data",
    publisher = "MIT",
    year      = "2010",
    edition   = "1",
    place     = "Cambridge, Mass. ; London"
}
@MISC {IPEAwebsite,
    author       = "IPEA",
    title        = "{Instituto de Pesquisa Economica Aplicada}",
    howpublished = "\url{http://www.ipea.gov.br/desafios/index.php?option=com_content\&id=2154:catid=28\&Itemid=23} Online; Accessed 2017-08-01",
    year         = "2017",
    journal      = "Ipea.gov.br"
}
@ARTICLE {VALERIANO,
    author  = "Pinheiro, T. F. and Escada, M. I. S. and Valeriano, D. M. and Hostert, P. and Gollnow, F. and Müller, H.",
    title   = "Forest Degradation Associated with Logging Frontier Expansion in the {Amazon}: The BR-163 Region in {Southwestern Para, Brazil}",
    journal = "Earth Interactions",
    year    = "2016",
    volume  = "20",
    number  = "17",
    pages   = "1-26",
    doi     = "10.1175/ei-d-15-0016.1"
}
@ARTICLE {NORTH,
    author  = "Douglass C. North",
    title   = "Economic Performance Through Time",
    journal = "American Econ. Rev",
    year    = "1994",
    pages   = "359-368"
}
@ARTICLE {DRISCOLL,
    author  = "Driscoll, John C. and Kraay, Aart C.",
    title   = "Consistent Covariance Matrix Estimation with Spatially Dependent Panel Data",
    journal = "Review of Economics and Statistics",
    year    = "1998",
    volume  = "80",
    number  = "4",
    pages   = "549-560",
    doi     = "10.1162/003465398557825"
}
@MISC {SFB,
    author       = "{Serviço Florestal Brasileiro}",
    title        = "{Cadastro Nacional de Florestas P\'{u}blicas. Distribui\c{c}\~{a}o por Estados}",
    howpublished = "\url{http://www.florestal.gov.br/documentos/informacoes-florestais/cadastro-nacional-de-florestas-publicas/2665-tabela-de-distribuicao-por-estado-cnfp-2016.} Online; Accessed 2017-08-30",
    year         = "2016",
    journal      = "Serviço Florestal Brasileiro"
}
@MISC {CALIXTO,
    author       = "Calixto, Bruno",
    title        = "Criminosos mudaram a metodologia do desmatamento ilegal da Amazônia",
    howpublished = "\url{http://epoca.globo.com/colunas-e-blogs/blog-do-planeta/noticia/2016/07/criminosos-mudaram-metodologia-do-desmatamento-ilegal-da-amazonia.html} Online; Accessed 2017-09-15",
    year         = "2016",
    journal      = "Blog do Planeta"
}
@ARTICLE {GIRARDI,
    author       = "Girardi, Giovana",
    title        = "{Desmatamento cresce em Unidades de Conservaçao no meio da Amazônia}",
    journal      = "Sustentabilidade.  O Estado de S.Paulo",
    year         = "2017",
    howpublished = "\ur{http://sustentabilidade.estadao.com.br/noticias/geral,desmatamento-cresce-em-unidades-de-conservacao-no-meio-da-amazonia,70001704735} Online; Accessed 2017-09-15"
}
@MISC {agenda21,
    author       = "United Nations",
    title        = "Agenda 21 : programme of action for sustainable development. Rio declaration on environment and development. Statement of forest principles : the final text of agreements negotiated by governments at the United Nations Conference on Environment and Development (UNCED), 3-14 June, 1992, Rio de Janeiro, Brazil.",
    year         = "1993",
    publisher    = "United Nations",
    isbn         = "9211005094",
    language     = "en",
    address      = "New York",
    organization = "United Nations Conference on Environment and Development (1992 : Rio de Janeiro, Brazil)"
}
@BOOK {lei6938,
    publisher = "Camara Dos Deputados",
    year      = "1981",
    volume    = "1",
    place     = "Brasilia"
}
@BOOK {decreto73030,
    publisher = "Camara Dos Deputados",
    year      = "1973",
    volume    = "1",
    place     = "Brasilia"
}
@ARTICLE {ARTAXO,
    author       = "Mello, Natalia and Artaxo, Paulo",
    title        = "{Evoluçao do Plano de Açao para Prevençao e Controle do Desmatamento na Amazônia Legal}",
    journal      = "Revista do Instituto de Estudos Brasileiros",
    year         = "2017",
    volume       = "0",
    number       = "66",
    pages        = "108--129",
    howpublished = "\url {http://www.revistas.usp.br/rieb/article/view/133109} Online; Accessed 2017-10-12",
    issn         = "2316-901X",
    doi          = "10.11606/issn.2316-901x.v0i66p108-129",
    url          = "http://www.revistas.usp.br/rieb/article/view/133109"
}
@MISC {BCB,
    author       = "BCB",
    title        = "{Banco Central do Brasil}",
    howpublished = "\url{http://www.bcb.gov.br} Online; Accessed 2017-08-01",
    year         = "2017",
      journal      = "Bcb.gov.br"
}
@MISC {BNB,
    author       = "BNB",
    title        = "{Banco do Nordeste}",
    howpublished = "\url{https://www.bnb.gov.br/} Online; Accessed 2017-08-01",
    year         = "2017",
    journal      = "Bnb.gov.br"
}
@MISC {BASA,
    author       = "BASA",
    title        = "{Banco da Amazonia}",
    howpublished = "\url{http://www.bancoamazonia.com.br} Online; Accessed 2017-08-01",
    year         = "2017",
    journal      = "Bancoamazonia.com.br"
}
@MISC {PRONAF,
    author       = "BCB",
    title        = "{Programa Nacional de Fortalecimento da Agricultura Familiar - Pronaf}",
    howpublished = "\url{https://www.bcb.gov.br/pre/bc_atende/port/PRONAF.asp},  Online; Accessed 2017-08-01",
    year         = "2017",
    journal      = "Bcb.gov.br"
}
@MISC {incrawebsite2,
    author       = "INCRA",
    title        = "{Secretaria Especial de Agricultura Familiar e do Desenvolvimento Agrario}",
    howpublished = "\url{http://www.mda.gov.br/sitemda/tags/incra} Online; Accessed 2017-08-01",
    year         = "2017",
    journal      = "{Ministério do Desenvolvimento Agrario}"
}
@MISC {MENDESJUSBRASIL,
    author       = "Mendes, Nathalia",
    title        = "{Estrutura organizacional do Sistema Nacional do Meio Ambiente (SISNAMA)}",
    howpublished = "\url{https://nathymendes.jusbrasil.com.br/noticias/315451463/estrutura-organizacional-do-sistema-nacional-do-meio-ambiente-sisnama?ref=topic_feed} Online; Accessed 2017-10-12",
    year         = "2017",
    journal      = "Jusbrasil"
}
@BOOK {SISNAMA,
    author      = "Moraes, Maria Monica Guedes de and Villanueva, Pablo and Belmont Figueira, Marco Aurelio and Netto Lasmar, Edison and Affonso Swerts, Leila and Cavanha de Rezende Caminha, Ana Flora and Moreira Angelim, Debora Cristina and Vieira da Silva, Silmara",
    title       = "Nota Tecnica MMA - Estrategias e mecanismos de articulacao do Sistema Nacional do Meio Ambiente - Sisnama, para a gestao descentralizada, democratica e eficiente",
    publisher   = "Ministério do Meio Ambiente",
    year        = "2016",
    place       = "Brasilia",
    institution = "Ministerio do Meio Ambiente"
}
@ARTICLE {SCARDUA,
    author  = "Schmitt, Jair and Scardua, Fernando Paiva",
    title   = "A descentralizaçao das competências ambientais e a fiscalizaçao do desmatamento na Amazônia",
    year    = "2015",
    url     = "http://www.scielo.br/pdf/rap/v49n5/0034-7612-rap-49-05-01121.pdf",
    journal = "Scielo Brasil"
}
@MISC {MMA2017,
    author       = "MMA",
    title        = "{Ministerio do Meio Ambiente.} {O que sao unidades de conservaçao?}",
    howpublished = "\url{http://www.mma.gov.br/areas-protegidas/unidades-de-conservacao/o-que-sao}, Online; Accessed 2017-08-01",
    year         = "2017",
    journal      = "mma.gov.br"
}
@techreport {Imazon2017,
    author       = "Brito, Brenda",
    title        = "{Imazon} Nota {Técnica} sobre o impacto das novas regras de {regularizaçao} {fundiaria} na {Amazônia}",
institution = "{Imazon}",
 howpublished = "\url{http://imazon.org.br/publicacoes/nota-tecnica-sobre-o-impacto-das-novas-regras-de-regularizacao-fundiaria-na-amazonia/}, Online; Accessed 2017-08-01",
    year         = "2017",
    journal      = "imazon.org.br"
}
@MISC {FPA,
    author       = "C\^{a}mara, dos Deputados",
    title        = "{Frente Parlamentar Mista da Agropecuaria – FPA}",
    howpublished = "\url{ http://www.camara.leg.br/internet/deputado/frenteDetalhe.asp?id=53476}, Online; Accessed 2017-08-01",
    year         = "2017",
    journal      = "camara.leg.br"
}
@TECHREPORT {Krause2013,
    author      = "Cleandro Krause and Renato Balbim and Vicente Correia Lima Neto",
    title       = "Minha Casa Minha Vida, nosso crescimento: Onde fica pol\'{i}tica habitacional?",
    institution = "IPEA",
    year        = "2013",
    type        = "Texto para Discuss\~{a}o, Instituto de Pesquisa Econ\^{o}mica Aplicada (IPEA)",
    number      = "1853",
    address     = "Bras\'{i}lia",
    abstract    = "Created in 2009 by the federal government, Minha Casa Minha Vida (MCMV) is the largest housing policy in Brazil. Since its creation, it has financed the majority of the country's social housing provision. However, we argue that MCMV operations are detached from the national housing policy framework, explicit in the National Social Housing Fund (FNHIS) and the National Housing Plan (PlanHab). In this paper we show that MCMV is not being primarily guided by the housing deficit, a crucial concern in PlanHab. Rather, our analysis suggests that MCMV responds to strategies aimed at Brazil's economic growth. Based on data from the Ministry of Cities and Caixa Econ\^{o}mica Federal, the main financial agent for public housing in the country, we show that the production of housing units for low-wage families is basically located in sites where land costs are lower and production of estates is easier for entrepreneurs. Additionally, comparing MCMV's production aimed at low-wage families with that aimed at middle-wage families, we find that the program is more adherent to the latters' housing demand, than to the formers' housing deficit. Moreover, we observe that MCMV shows a rather limited range of housing solutions and types, as compared to a broader range by PlanHab. Finally, we propose some simple indicators that could be useful in monitoring the production of social housing, along with suggestions for the program's revision.",
    copyright   = "http://www.econstor.eu/dspace/Nutzungsbedingungen",
    keywords    = "R21; R31; 330; housing provision; housing deficit; PlanHab; MCMV; FAR; FGTS",
    language    = "por",
    publisher   = "Instituto de Pesquisa Econ\^{o}mica Aplicada (IPEA)",
    url         = "http://hdl.handle.net/10419/91386"
}
@ARTICLE {KLINTOWITZ2016,
    author    = "Klintowitz, Danielle",
    title     = "{Por que o Programa Minha Casa Minha Vida so poderia acontecer em um governo petista?}",
    journal   = "{Cadernos Metropole}",
    year      = "2016",
    volume    = "18",
    pages     = "165 - 190",
    month     = "04",
    issn      = "2236-9996",
    language  = "pt",
    url       = "http://www.scielo.br/scielo.php?script=sci_arttext\&pid=S2236-99962016000100165\&nrm=iso",
    publisher = "scielo",
    doi       = "10.1590/2236-9996.2016-3508"
}
@ARTICLE {BENYISHAY2017,
    author   = "Ariel BenYishay and Silke Heuser and Daniel Runfola and Rachel Trichler",
    title    = "Indigenous land rights and deforestation: Evidence from the {Brazilian Amazon}",
    journal  = "Journal of Environmental Economics and Management",
    year     = "2017",
    volume   = "86",
    number   = "Supplement C",
    pages    = "29 - 47",
    note     = "Special issue on environmental economics in developing countries",
    issn     = "0095-0696",
    doi      = "https://doi.org/10.1016/j.jeem.2017.07.008",
    url      = "http://www.sciencedirect.com/science/article/pii/S0095069617304813",
    keywords = "Q23, Q15, O13, H41, Land tenure, Forest cover, Satellite-based, Impact evaluation"
}
@BOOK {araujo_barreto_baima_gomes_2017,
    author    = "Ara\'{u}jo, Elis and Barreto, Paulo and Baima, Sara and Gomes, Mayara",
    title     = "Most deforested Conservation Units in the Legal Amazon 2012-2015",
    publisher = "Imazon",
    year      = "2017",
    place     = "Bel\'{e}m, PA"
}
@UNPUBLISHED {RICO_2017,
      author  = "Rico, Jimena and Panlasigui, Stephanie and J. Loucks, Colby and Swenson, Jennifer and Pfaff, Alexander",
    title   = "Logging Concessions, Certification and Protected Areas in the Peruvian Amazon: forest impacts from combinations of development rights and land-use restrictions",
    note    = "FAERE Working Paper",
    year    = "2017",
    journal = "FAERE",
    volume  = "2017.22",
    url     = "http://faere.fr/pub/WorkingPapers/Rico_Panlasigui_Loucks_Swenson_Pfaff_FAERE_WP2017.22.pdf"
}@BOOK {PPCDAM_2016,
    author      = "Minist\'{e}rio do Meio Ambiente",
    title       = "PLANO OPERATIVO DO PPCDAm (2016-2020)",
    publisher   = "MMA",
    year        = "2016",
    place       = "Bras\'{i}lia",
    institution = "MMA",
    pages       = "1-60"
}
@TECHREPORT {ALBUQUERQUE,
    author      = "Albuquerque, Breno and Ramos, Francisco",
    title       = "An\'{a}lise te\'{o}rica E emp\'{i}rica dos determinantes de corrup\c{c}\~{a}o na gest\~{a}o p\'{u}blica municipal",
    institution = "ANPEC - Associa\c{c}\~{a}o Nacional dos Centros de P\'{o}s-Gradua\c{c}\~{a}o em Economia [Brazilian Association of Graduate Programs in Economics]",
    year        = "2006",
    type        = "Anais do XXXIV Encontro Nacional de Economia [Proceedings of the 34th Brazilian Economics Meeting]",
    url         = "https://EconPapers.repec.org/RePEc:anp:en2006:30"
}
@PHDTHESIS {GARCIA,
    author = "Garcia, Ricardo Letizia",
    title  = "A economia da corrup\c{c}\~{a}o - teoria e evid\^{e}ncias. Uma aplica\c{c}\~{a}o ao setor de obras rodovi\'{a}rias no Rio Grande do Sul",
    school = "Universidade Federal do Rio Grande do Sul",
    year   = "2003"
}
@MISC {BUGARIN,
    author = "Bugarin, Mauricio and Meneguin, Fernando B.",
    title  = "Incentivos \`{a} corrup\c{c}\~{a}o e \`{a} ina\c{c}\~{a}o no servi\c{c}\~{o} p\'{u}blico: Uma an\'{a}lise de desenho de mecanismos",
    year   = "2016",
    url    = "http://www.scielo.br/scielo.php?script=sci_arttext\&pid=S0101-41612016000100043\&lng=pt\&tlng=pt"
}
@MISC {FUNAI,
    author       = "FUNAI",
    title        = "Funda\c{c}\~{a}o {Nacional} do {\'{I}ndio}",
    howpublished = "\url{  http://www.funai.gov.br/}, Online; Accessed 2017-12-15",
    year         = "2017"   
}
@MISC {ICMBIO,
    author       = "ICMBIO",
    title        = "{Instituto} {Chico} {Mendes} de {Conserva\c{c}\~{a}o} a {Biodiversidade}",
    howpublished = "\url{  http://www.icmbio.gov.br/}, Online; Accessed 2017-12-15",
    year         = "2017"
}
@INBOOK {CARL2002,
    author    = "Friedrich, Carl J.",
    title     = "Corruption Concepts in Historical Perspective",
    publisher = "Transaction Publishers",
    year      = "2002",
    edition   = "3",
    booktitle = "Political Corruption: concepts \& contexts",
    pages     = "15-24"
}
@ARTICLE {pailler_2018,
    author  = "Pailler, Sharon",
    title   = "Re-election incentives and deforestation cycles in the {Brazilian Amazon}",
    journal = "Journal of Environmental Economics and Management",
    year    = "2018",
    volume  = "88",
    pages   = "345-365",
    doi     = "10.1016/j.jeem.2018.01.008"
}
@ARTICLE {SCARDUA2003,
    author    = "Scardua, Fernando Paiva AND Bursztyn, Maria Augusta Almeida",
    title     = "{Descentraliza\c{c}\~{a}o da pol\'{i}tica ambiental no {Brasil}}",
    journal   = "{Sociedade e Estado}",
    year      = "2003",
    volume    = "18",
    pages     = "291 - 314",
    month     = "12",
    issn      = "0102-6992",
    language  = "pt",
    url       = "http://www.scielo.br/scielo.php?script=sci_arttext\&pid=S0102-69922003000100014\&nrm=iso",
    publisher = "scielo"
}
@ARTICLE {SANCHES2017,
    author  = "Sanches, Arthur Caldeira and Caleman, Silvia Morales De Queiroz and Melo, Mary Fernanda Sousa and Campos-Silva, Willerson",
    title   = "DESCENTRALIZAÇAO DA GESTAO AMBIENTAL NO BRASIL: ANALISE HISTORICA DOS PRINCIPAIS MOMENTOS DO PROCESSO",
    journal = "Revista Gestao e Desenvolvimento",
    year    = "2017",
    volume  = "14",
    number  = "2",
    pages   = "51",
    doi     = "10.25112/rgd.v14i2.1136"
},

@misc {TSE,
    author = "TSE",
    title  = "Eleitor e Eleiçoes",
    month  = "apr",
    year   = "2018",
    howpublished = "\url{ http://www.tse.jus.br/eleitor-e-eleicoes/eleicoes/eleicoes-anteriores/eleicoes-2004/candidaturas-votacao-e-resultados/reeleicao-eleicoes-2004}, Online; Accessed 2018-03-30",
},

@ARTICLE {FOSTER_2003,
    author  = "Andrew D. Foster and Mark R. Rosenzweig",
    title   = "Economic Growth and the Rise of Forests",
    journal = "The Quarterly Journal of Economics",
    year    = "2003",
    volume  = "118",
    number  = "2",
    pages   = "601-637",
    month   = "may"
},

@ARTICLE {BROLLO_2013,
    author   = "Brollo, Fernanda and Nannicini, Tommaso and Perotti, Roberto and Tabellini, Guido",
    title    = "The Political Resource Curse",
    journal  = "American Economic Review",
    year     = "2013",
    volume   = "103",
    number   = "5",
    pages    = "1759-1796",
    month    = "aug",
    doi = "10.1257/aer.103.5.1759"
},

@ARTICLE {fearnside_2016,
    author  = "Fearnside, Philip M.",
    title   = "Brazil’s Amazonian forest carbon: the key to Southern Amazonia’s significance for global climate",
    journal = "Regional Environmental Change",
    year    = "2016",
    volume  = "18",
    number  = "1",
    pages   = "47-61",
    doi     = "10.1007/s10113-016-1007-2"
},

@ARTICLE {ASSUNCAO_2017,
    author  = "Juliano Assunçao and Clarissa Gandour and Romero Rocha",
    title   = "DETERing Deforestation in the Amazon: Environmental Monitoring and Law Enforcement",
    journal = "Climate Policy Initiative",
    year    = "2017",
    month   = "feb"
},

@article{elhorst_2012,
title={Matlab Software for Spatial Panels},
volume={37},
DOI={10.1177/0160017612452429},
number={3},
journal={International Regional Science Review},
author={Elhorst, J. Paul},
year={2012},
pages={389-405}
},

@book{lesage_pace_2009,
place={Boca Raton},
title={Introduction to spatial econometrics},
publisher={CRC Press},
author={LeSage, James P and Pace, R. Kelley},
year={2009}
},

@article{anselin_2003,
title={Spatial Externalities, Spatial Multipliers, And Spatial Econometrics},
volume={26},
DOI={10.1177/0160017602250972},
number={2},
journal={International Regional Science Review},
author={Anselin, Luc},
year={2003},
pages={153-166}
},

@article{CAVIGLIAHARRIS2018232,
title = "Agricultural innovation and climate change policy in the Brazilian Amazon: Intensification practices and the derived demand for pasture",
journal = "Journal of Environmental Economics and Management",
volume = "90",
pages = "232 - 248",
year = "2018",
issn = "0095-0696",
doi = "https://doi.org/10.1016/j.jeem.2018.06.006",
url = "http://www.sciencedirect.com/science/article/pii/S0095069616301358",
author = "Jill L. Caviglia-Harris",
keywords = "Deforestation, Agricultural intensification, Climate change, Cattle, Pasture, Brazilian Amazon"
},

@article{ROCHEDO2018,
title={The threat of political bargaining to climate mitigation in Brazil},
volume={8},
DOI={10.1038/s41558-018-0213-y},
number={8},
journal={Nature Climate Change},
author={Rochedo, Pedro R. R. and Soares-Filho, Britaldo and Schaeffer, Roberto and Viola, Eduardo and Szklo, Alexandre and Lucena, André F. P. and Koberle, Alexandre and Davis, Juliana Leroy and Rajao, Raoni and Rathmann, Regis},
year={2018},
pages={695-698}
}


























@article{bayma_sano_2015,
title={SERIES TEMPORAIS DE INDICES DE VEGETACAO (NDVI E EVI) DO SENSOR MODIS PARA DETECCAO DE DESMATAMENTOS NO BIOMA CERRADO},
volume={21},
DOI={10.1590/s1982-21702015000400047},
number={4},
journal={Boletim de Ciencias Geodesicas},
author={Bayma, Adriana Panhol and Sano, Edson Eyji},
year={2015},
pages={797-813}
},

@article{donaldson_storeygard_2016,
title={The View from Above: Applications of Satellite Data in Economics},
volume={30},
DOI={10.1257/jep.30.4.171},
number={4},
journal={Journal of Economic Perspectives},
author={Donaldson, Dave and Storeygard, Adam},
year={2016},
pages={171-198}
},

@article{ferreira_yoshioka_huete_sano_2003,
title={Seasonal landscape and spectral vegetation index dynamics in the Brazilian Cerrado: An analysis within the Large-Scale Biosphere Atmosphere Experiment in Amazonia (LBA)},
volume={87},
DOI={10.1016/j.rse.2002.09.003},
number={4},
journal={Remote Sensing of Environment},
author={Ferreira, L and Yoshioka, H. and Huete, A. and Sano, E.E.},
year={2003},
pages={534-550}
},

@article{hoffmann_2005,
title={Seasonal leaf dynamics across a tree density gradient in a Brazilian savanna},
volume={145},
DOI={10.1007/s00442-005-0129-x},
number={2},
journal={Oecologia},
author={Hoffmann, William A. and da Silva Jr, Edson Rangel and Machado, Gustavo C. and Scholz, Fabian G. and Goldstein, Guillermo and Meinzer, Frederick C.},
year={2005},
pages={307-316}
},

@article{huete_didan_miura_rodriguez_gao_ferreira_2002,
title={Overview of the radiometric and biophysical performance of the MODIS vegetation indices},
volume={83},
DOI={10.1016/s0034-4257(02)00096-2},
number={1-2},
journal={Remote Sensing of Environment},
author={Huete, A and Didan, K and Miura, T and Rodriguez, E.P and Gao, X and Ferreira, L.G},
year={2002},
pages={195-213}
},

@book{imesc_2015,
place={Sao Luis},
title={Proposta de Regionalizacao para o desenvolvimento do Maranhao},
institution={Governo do Maranhao},
author={IMESC},
year={2015},
publisher={IMESC},
pages={1-48}
},

@article{maeda_ma_wagner_kim_oki_eamus_huete_2017,
title={Evapotranspiration seasonality across the Amazon Basin},
volume={8},
DOI={10.5194/esd-8-439-2017},
number={2},
journal={Earth System Dynamics},
author={Maeda, Eduardo Eiji and Ma, Xuanlong and Wagner, Fabien Hubert and Kim, Hyungjun and Oki, Taikan and Eamus, Derek and Huete, Alfredo},
year={2017},
pages={439-454}
},

@book{nugeo/cca/uema_2016,
place={Sao Luis},
title={Bacias Hidrograficas e Climatologia no Maranhao},
institution={NUGEO},
author={NUGEO/CCA/UEMA},
year={2016},
pages={1-165}
},

@article{ratana_huete_ferreira_2005,
title={Analysis of Cerrado Physiognomies and Conversion in the MODIS Seasonal-Temporal Domain},
volume={9},
DOI={10.1175/1087-3562(2005)009<0001:aocpac>2.0.co;2},
number={3},
journal={Earth Interactions},
author={Ratana, Piyachat and Huete, Alfredo R. and Ferreira, Laerte},
year={2005},
pages={1-22}
},

@article{coupe_2013,
title={What drives the seasonality of photosynthesis across the Amazon basin? A cross-site analysis of eddy flux tower measurements from the Brasil flux network},
volume={182-183},
DOI={10.1016/j.agrformet.2013.04.031},
journal={Agricultural and Forest Meteorology},
author={Restrepo-Coupe, Natalia and da Rocha, Humberto R. and Hutyra, Lucy R. and da Araujo, Alessandro C. and Borma, Laura S. and Christoffersen, Bradley},
year={2013},
pages={128-144}
},

@book{seplan_2008,
place={Sao Luis},
title={Regioes de Planejamento do Estado do Maranhao},
institution={SEPLAN},
author={Secretaria do Estado de Planejamento e Orcamento - SEPLAN},
year={2008},
pages={1-103}
}

@article{fensholt_proud_2012,
title={Evaluation of Earth Observation based global long term vegetation trends: Comparing GIMMS and MODIS global NDVI time series},
volume={119},
DOI={10.1016/j.rse.2011.12.015},
journal={Remote Sensing of Environment},
author={Fensholt, Rasmus and Proud, Simon R.},
year={2012},
pages={131-147}
},

@article{ferreira_huete_2004,
title={Assessing the seasonal dynamics of the Brazilian Cerrado vegetation through the use of spectral vegetation indices},
volume={25},
DOI={10.1080/0143116031000101530},
number={10},
journal={International Journal of Remote Sensing},
author={Ferreira, L. G. and Huete, A. R.},
year={2004},
pages={1837-1860}
},

@article{li_lanorte_lasaponara_lovallo_song_telesca_2017,
title={Fisher-Shannon and detrended fluctuation analysis of MODIS normalized difference vegetation index (NDVI) time series of fire-affected and fire-unaffected pixels},
volume={8},
DOI={10.1080/19475705.2017.1337652},
number={2},
journal={Geomatics, Natural Hazards and Risk},
author={Li, Xiaolian and Lanorte, Antonio and Lasaponara, Rosa and Lovallo, Michele and Song, Weiguo and Telesca, Luciano},
year={2017},
pages={1342-1357}
},

@article{maeda_heiskanen_aragao_rinne_2014,
title={Can MODIS EVI monitor ecosystem productivity in the Amazon rainforest?},
volume={41},
DOI={10.1002/2014gl061535},
number={20},
journal={Geophysical Research Letters},
author={Maeda, Eduardo Eiji and Heiskanen, Janne and Aragao, Luiz E. O. C. and Rinne, Janne},
year={2014},
pages={7176-7183}
},

@article{maeda_moura_wagner_hilker_lyapustin_wang_chave_mottus_aragao_shimabukuro_2016,
title={Consistency of vegetation index seasonality across the Amazon rainforest},
volume={52},
DOI={10.1016/j.jag.2016.05.005},
journal={International Journal of Applied Earth Observation and Geoinformation},
author={Maeda, Eduardo Eiji and Moura, Yhasmin Mendes and Wagner, Fabien and Hilker, Thomas and Lyapustin, Alexei I. and Wang, Yujie and Chave, Jerome and Mottus, Matti and Aragao, Luiz E.O.C. and Shimabukuro, Yosio},
year={2016},
pages={42-53}
},

@article{morton_nagol_carabajal_rosette_palace_cook_vermote_harding_north_2014,
title={Amazon forests maintain consistent canopy structure and greenness during the dry season},
volume={506},
DOI={10.1038/nature13006},
number={7487},
journal={Nature},
author={Morton, Douglas C. and Nagol, Jyoteshwar and Carabajal, Claudia C. and Rosette, Jacqueline and Palace, Michael and Cook, Bruce D. and Vermote, Eric F. and Harding, David J. and North, Peter R. J.},
year={2014},
pages={221-224}
},

@article{tian_fensholt_verbesselt_grogan_horion_wang_2015,
title={Evaluating temporal consistency of long-term global NDVI datasets for trend analysis},
volume={163},
DOI={10.1016/j.rse.2015.03.031},
journal={Remote Sensing of Environment},
author={Tian, Feng and Fensholt, Rasmus and Verbesselt, Jan and Grogan, Kenneth and Horion, Stephanie and Wang, Yunjia},
year={2015},
pages={326-340}
},

@misc{girardi_2015,
title={Sem Dúvida},
url={http://revistagalileu.globo.com/Galileu/0,6993,ECT498531-1716-5,00.html},
journal={Revistagalileu.globo.com},
author={Girardi, Giovana},
year={2015}
},

@book{hastie_tibshirani_1990,
place={Boca Raton},
title={Generalized Additive Models},
publisher={CRC Press},
author={Hastie, T. J and Tibshirani, R. J},
year={1990}
},

@book{zuur_2011,
title={Mixed Effects Models and Extensions in Ecology with R},
publisher={Springer},
author={Zuur, Alain F},
year={2011}
},

@book{zuur_saveliev_ieno_2014,
place={Newbugh},
title={A beginner's guide to generalised additive mixed models with R},
publisher={Highland Statistics Ltd},
author={Zuur, Alain F and Saveliev, Anatoly A and Ieno, Elena N},
year={2014}
},


@article{elhorst_2012,
title={Matlab Software for Spatial Panels},
volume={37},
DOI={10.1177/0160017612452429},
number={3},
journal={International Regional Science Review},
author={Elhorst, J. Paul},
year={2012},
pages={389-405}
},

@book{lesage_pace_2009,
place={Boca Raton},
title={Introduction to spatial econometrics},
publisher={CRC Press},
author={LeSage, James P and Pace, R. Kelley},
year={2009}
},

@article{anselin_2003,
title={Spatial Externalities, Spatial Multipliers, And Spatial Econometrics},
volume={26},
DOI={10.1177/0160017602250972},
number={2},
journal={International Regional Science Review},
author={Anselin, Luc},
year={2003},
pages={153-166}
},

@article{CAVIGLIAHARRIS2018232,
title = "Agricultural innovation and climate change policy in the Brazilian Amazon: Intensification practices and the derived demand for pasture",
journal = "Journal of Environmental Economics and Management",
volume = "90",
pages = "232 - 248",
year = "2018",
issn = "0095-0696",
doi = "https://doi.org/10.1016/j.jeem.2018.06.006",
url = "http://www.sciencedirect.com/science/article/pii/S0095069616301358",
author = "Jill L. Caviglia-Harris",
keywords = "Deforestation, Agricultural intensification, Climate change, Cattle, Pasture, Brazilian Amazon"
},

@article{ROCHEDO2018,
title={The threat of political bargaining to climate mitigation in Brazil},
volume={8},
DOI={10.1038/s41558-018-0213-y},
number={8},
journal={Nature Climate Change},
author={Rochedo, Pedro R. R. and Soares-Filho, Britaldo and Schaeffer, Roberto and Viola, Eduardo and Szklo, Alexandre and Lucena, André F. P. and Koberle, Alexandre and Davis, Juliana Leroy and Rajao, Raoni and Rathmann, Regis},
year={2018},
pages={695-698},
},

@book{MARTINS_2011,
place={Belem, PA},
edition={1},
title={Amazo^nia maranhense},
publisher={Museu Goeldi},
author={Martins, Marlu´cia Bonifa´cio and Oliveira, Tadeu Gomes de},
year={2011},
pages={1-239},
},

@article{SANTOS-FILHO_2013,
title={COCAIS: ZONA ECOTONAL NATURAL OU ARTIFICIAL?},
volume={1},
number={1},
journal={Revista Equador},
author={Santos-Filho, Francisco Soares and Almeida Junior, Eduardo Bezerra de and Soares, Caio Jefiter dos Reis Santos},
year={2013},
pages={2-12},
},

@book{SPINELLI_2016,
place={Jaguariúna},
title={Conservaçao da biodiversidade do estado do Maranhao: cenario atual em dados geoespaciais},
institution={Embrapa Meio Ambiente},
author={Spinelli-Araujo, Luciana and Bayma-Silva, Gustavo and Enrique Torresan, Fabio and Victoria, Daniel and Vicente, Luiz Eduardo and Bolfe, Edson Luis and Manzatto, Celso},
year={2016},
publisher={EMBRAPA},
pages={11-29},
},

@misc{STELLA_2011,
place={Sao Luis, MA},
title={Plano de prevençao e controle do desmatamento e queimadas do Maranhao},
institution={Secretaria de Estado do Meio Ambiente e Recursos Naturais},
author={Stella, André},
year={2011},
pages={1-100},
},

@inbook{BATISTELLA_2014,
place={Aracaju, SE},
title={Macrozoneamento Ecologico-Econômico: potencialidades e fragilidades do estado do Maranhao},
booktitle={Simposio Regional de Geoprocessamento e Sensoriamento Remoto},
author={Batistella, Mateus and Luis Bolfe, Edson and Vicente, Luiz Eduardo and de Castro Victoria, Daniel and Spinelli Araujo, Luciana},
year={2014},
publisher={EMBRAPA},
pages={449-453},
},

@article{REIS_2010,
title={Aspectos Floristicos de um Fragmento de Vegetaçao, localizado no Municipio de Caxias, Maranhao, Brasil},
volume={6},
number={2},
journal={SCIENTIA PLENA},
author={Reis, C. S. dos  and Conceiçao, G. M. da },
year={2010},
pages={1-17},
},

@book{BATISTELLA_2013,
place={Sao Luis, MA},
title={Relatorio final do Macrozoneamento ecologico-econômico do Estado do Maranhao},
institution={Embrapa Cocais},
author={Batistella, Mateus and Luis Bolfe, Edson and Vicente, Luiz Eduardo and de Castro Victoria, Daniel and Spinelli Araujo, Luciana},
year={2013},
publisher={EMBRAPA},
pages={1-325}
},

@article{LOIOLA_2012,
title={Caatinga: Vegetaçao do semiarido brasileiro},
volume={4},
url={https://www.speco.pt/images/Artigos_Revista_Ecologia/revistaecologia_4_art_8_1.pdf},
journal={Revista Ecologia},
author={Bezerra Loiola, Maria Iracema and de Araújo Roque, Alan and Pereira de Oliveira, Ana Claudia},
year={2012},
pages={14-19}
},

@article{CELENTANO_2017,
title={Towards zero deforestation and forest restoration in the Amazon region of Maranhao state, Brazil},
volume={68},
DOI={10.1016/j.landusepol.2017.07.041},
journal={Land Use Policy},
author={Celentano, Danielle and Rousseau, Guillaume X. and Muniz, Francisca Helena and Varga, Istvan van Deursen and Martinez, Carlos and Carneiro, Marcelo Sampaio and Miranda, Magda V.C. and Barros, Marcia N.R. and Freitas, Luciana and Narvaes, Igor da Silva et al.},
year={2017},
pages={692-698}
},

@book{IMESCPIB_2017,
place={Sao Luis, MA},
title={PRODUTO INTERNO BRUTO DO ESTADO DO MARANHAO: Periodo 2010 a 2015},
institution={IMESC},
author={IMESC},
year={2017},
pages={1-38}
},

@MISC {IPEA3,
    author       = "IPEA",
    title        = "O que e {Amazonia} Legal?",
    howpublished = "\url{http://www.ipea.gov.br/desafios/index.php?option=com_content\&id=2154:catid=28\&Itemid=23} Online; Accessed 2016-3-2",
    year         = "2008",
    journal      = "Ipea.gov.br"
},

@book{azevedo_2002,
place={Sao Luis},
edition={1},
title={Ecossistemas Maranhenses},
publisher={UEMA Editora},
author={Azevedo, A. C. G.},
year={2002}
},

@article{GARCIA201716,
title = "Landscape changes in a neotropical forest-savanna ecotone zone in central Brazil: The role of protected areas in the maintenance of native vegetation",
journal = "Journal of Environmental Management",
volume = "187",
pages = "16 - 23",
year = "2017",
issn = "0301-4797",
doi = "https://doi.org/10.1016/j.jenvman.2016.11.010",
url = "http://www.sciencedirect.com/science/article/pii/S0301479716308866",
author = "Andrea S. Garcia and Henrique O. Sawakuchi and Manuel Eduardo Ferreira and Maria Victoria R. Ballester",
keywords = "Amazon, Cerrado, Araguaia River, Deforestation, Fragmentation, Land cover changes"
},


@book{ibge_1992,
place={Rio de Janeiro, RJ},
title={Manual técnico da Vegetaçao Brasileira, Série Manuais Técnicos em Geociências.},
institution={IBGE},
author={IBGE},
year={1992},
publisher={IBGE},
pages={91}
},

@INBOOK {RIBEIRO_2008,
    author    = "Ribeiro, J.F. and Walter, B.M.T.",
    title     = "Cerrado: Ecologia e Flora",
    chapter   = "As principais fitofisionomias do Bioma Cerrado",
    publisher = "EMBRAPA",
    year      = "2008",
    volume    = "1"
},

@article{celentano_sills_sales_verissimo_2012,
title={Welfare Outcomes and the Advance of the Deforestation Frontier in the Brazilian Amazon},
volume={40},
DOI={10.1016/j.worlddev.2011.09.002},
number={4},
journal={World Development},
author={Celentano, Danielle and Sills, Erin and Sales, Marcio and Verissimo, Adalberto},
year={2012},
pages={850-864}
},

@ARTICLE {CULAS12,
    author   = "Culas,Richard J.",
    title    = "Causes of Deforestation and Policies for Reduced Emissions (REDD+): A Cross-Country Analysis",
    journal  = "IUP Journal of Applied Economics",
    year     = "2014",
    volume   = "13",
    number   = "4",
    pages    = "7-27",
    month    = "10",
    abstract = "Deforestation is transformation of forestland for various land uses. Policies aimed at Reducing Emissions from Deforestation and Forest Degradation (REDD+) can provide a way for tackling global warming and climate change. A spatial model of deforestation is considered for designing effective REDD+ policies in view of internalizing the external costs of deforestation. The causes of deforestation can be classified at different levels. In this study, the causes are considered at two levels: the direct (endogenous) and the indirect (exogenous) causes. An econometric model, recursive in nature, is estimated in two stages for analyzing the interactions between the direct and the indirect causes. At the first stage, the direct causes are regressed on the indirect causes by Seemingly Unrelated Regression (SUR) method to account for the correlations between the direct causes. At the second stage, the SUR estimates of the direct causes are used for the regression of a deforestation equation. The results are discussed in relation to Asian, African and Latin American regions to provide an understanding of the mechanism for deforestation process at two levels. The spatial model presented, along with the regression results, can effectively provide guidance for designing REDD+ policies.",
    keywords = "Business And Economics; International; Studies; Deforestation; Land degradation; Emissions control; Environmental policy; 9130:Experiment/theoretical treatment; 9180:International; 1540:Pollution control",
    isbn     = "0972-6861",
    language = "English",
    url      = "http://search.proquest.com/docview/1630008843?accountid=8630"
},

@BOOK {GEIST3,
    author    = "Geist, Helmut and Lambin, Eric F",
    title     = "What drives tropical deforestation?",
    publisher = "LUCC International Project Office",
    year      = "2001",
    place     = "Louvain-la-Neuve"
},


@misc{ALMEIDA_2016,
title={Programa de Monitoramento Ambiental dos Biomas Brasileiros Portaria MMA nº 365, de 27 de novembro de 2015},
author={Almeida, Claudio and Valeriano, Dalton and Vinhas, Lubia and Fonseca, Leila},
year={2016}
},

@misc{greenpeacebrasil_2018,
title={Desmatamento no Cerrado aumentou 9\% no último ano - Greenpeace Brasil},
url={https://www.greenpeace.org/brasil/blog/desmatamento-no-cerrado-aumentou-9-no-ultimo-ano/},
journal={Greenpeace Brasil},
author={Greenpeace Brasil, Greenpeace Brasil},
year={2018}
},

@misc{inpe_2018,
title={Cerrado brasileiro - incremento de Desmatamento},
url={http://www.dpi.inpe.br/fipcerrado/dashboard/cerrado-rates.html},
journal={Dpi.inpe.br},
author={INPE, DPI},
year={2018}
},

@article{mma_2018,
title={Governo divulga desmatamento no Cerrado},
url={http://www.mma.gov.br/index.php/comunicacao/agencia-informma?view=blog&id=3066},
journal={MMA - Assessoria de Comunicaçao Social},
author={MMA},
year={2018}
},

@misc{costa_2018,
title={Com alta no preço do gas, mais brasileiros passam a usar lenha e carvao},
url={https://oglobo.globo.com/economia/com-alta-no-preco-do-gas-mais-brasileiros-passam-usar-lenha-carvao-22629819},
journal={O Globo},
author={Costa, Daiane},
year={2018}
},

@phdthesis{ferreira_2008,
title={Politicas territoriais e a reorganizaçao do espaço maranhense},
school={Universidade de Sao Paulo},
author={Ferreira, Antônio José de Araújo},
year={2008}
},

@article{xie_sha_yu_2008,
title={Remote sensing imagery in vegetation mapping: a review},
volume={1},
DOI={10.1093/jpe/rtm005},
number={1},
journal={Journal of Plant Ecology},
author={Xie, Y. and Sha, Z. and Yu, M.},
year={2008},
pages={9-23}
},

@article{zhan_2002,
title={Detection of land cover changes using MODIS 250 m data},
volume={83},
DOI={10.1016/s0034-4257(02)00081-0},
number={1-2},
journal={Remote Sensing of Environment},
author={Zhan, X and Sohlberg, R.A and Townshend, J.R.G and DiMiceli, C and Carroll, M.L and Eastman, J.C and Hansen, M.C and DeFries, R.S},
year={2002},
pages={336-350}
},

@article{huang_2014,
title={Distance metric-based forest cover change detection using MODIS time series},
volume={29},
DOI={10.1016/j.jag.2014.01.004},
journal={International Journal of Applied Earth Observation and Geoinformation},
author={Huang, Xiaoman and Friedl, Mark A.},
year={2014},
pages={78-92}
},

@article{setiawan_2014,
title={Characterizing the dynamics change of vegetation cover on tropical forestlands using 250m multi-temporal MODIS EVI},
volume={26},
DOI={10.1016/j.jag.2013.06.008},
journal={International Journal of Applied Earth Observation and Geoinformation},
author={Setiawan, Yudi and Yoshino, Kunihiko and Prasetyo, Lilik Budi},
year={2014},
pages={132-144}
},

@book{horning_2010,
title={Remote Sensing for Ecology and Conservation: A Handbook of Techniques (Techniques in ecology and conservation series)},
publisher={Oxford University Press},
author={Horning, Ned},
year={2010}
},

@article{friedl_2010,
title={MODIS Collection 5 global land cover: Algorithm refinements and characterization of new datasets},
volume={114},
DOI={10.1016/j.rse.2009.08.016},
number={1},
journal={Remote Sensing of Environment},
author={Friedl, Mark A. and Sulla-Menashe, Damien and Tan, Bin and Schneider, Annemarie and Ramankutty, Navin and Sibley, Adam and Huang, Xiaoman},
year={2010},
pages={168-182}
},

@article{friedl_2015,
title={MCD12C1 MODIS/Terra+Aqua Land Cover Type Yearly L3 Global 0.05Deg CMG V006 [Data set]},
url={https://lpdaac.usgs.gov/dataset_discovery/modis/modis_products_table/mcd12c1_v006},
DOI={10.5067/MODIS/MCD12C1.006},
journal={NASA EOSDIS Land Processes DAAC},
author={Sulla-Menashe, D and Friedl, M},
year={2015}
},

@article{friedl_2018,
title={User Guide to Collection 6 MODIS Land Cover (MCD12Q1 and MCD12C1) Product},
url={https://lpdaac.usgs.gov/sites/default/files/public/product_documentation/mcd12_user_guide_v6.pdf},
journal={NASA EOSDIS Land Processes DAAC},
author={Sulla-Menashe, Damien and Friedl, Mark},
year={2018}
},


@article{didan_munoz_2015,
title={MODIS Vegetation Index User's Guide (MOD13 Series) - Version 3.00 - Collection 6},
url={https://lpdaac.usgs.gov/dataset_discovery/modis/modis_products_table/mod13q1_v006},
DOI={10.5067/MODIS/MOD13Q1.006},
journal={NASA EOSDIS LP DAAC},
author={Didan, Kamel and Munoz, Armando Barreto and Solano, Ramon and Huete, Alfredo},
year={2015}
},

@book{pereira_2017,
place={Sao José dos Campos},
edition={2},
title={Atlas brasileiro de energia solar},
journal={Atlas brasileiro de energia solar},
publisher={INPE},
author={Pereira, Enio Bueno and Martins, Fernando Ramos and Gonçalves, André Rodrigues and Costa, Rodrigo Santos and de Lima, Francisco J. Lopes and Rüther, Ricardo and de Abreu, Samuel Luna and Tiepolo, Gerson Maximo and Pereira, Silvia Vitorino and de Souza, Jefferson Gonçalves},
year={2017},
pages={1-88}
},

@article{silva_2015,
title={Energia Solar no Brasil: dos incentivos aos desafios.},
volume={Texto para Discussao nº 166},
url={http://www.senado.leg.br/estudos},
journal={Núcleo de Estudos e Pesquisas/CONLEG/Senado},
author={SILVA, R. M.},
year={2015},
pages={1-53}
},

@article{cohen_2002,
title={Evaporative climate changes at Bet Dagan, Israel, 1964–1998},
volume={111},
DOI={10.1016/s0168-1923(02)00016-3},
number={2},
journal={Agricultural and Forest Meteorology},
author={Cohen, S. and Ianetz, A. and Stanhill, G.},
year={2002},
pages={83-91}
},

@article{dasilva_2004,
title={On climate variability in Northeast of Brazil},
volume={58},
DOI={10.1016/j.jaridenv.2003.12.002},
number={4},
journal={Journal of Arid Environments},
author={da Silva, Vicente de Paulo Rodrigues},
year={2004},
pages={575-596}
},
@article{roderick_2001,
title={On the direct effect of clouds and atmospheric particles on the productivity and structure of vegetation},
volume={129},
DOI={10.1007/s004420100760},
number={1},
journal={Oecologia},
author={Roderick, Michael L. and Farquhar, Graham D. and Berry, Sandra L. and Noble, Ian R.},
year={2001},
pages={21-30}
},

@book{bolfe_2013,
place={Campinas, SP},
title={Relatorio do diagnostico do macrozoneamento ecologico-econômico do Estado do Maranhao.  Relatorio Técnico, v. 2.},
institution={Embrapa Monitoramento por Satélite},
author={Batistella, Mateus and Bolfe, Edson Luis and Vicente, Luiz Eduardo and Victoria, Daniel de Castro and Spinelli Araújo, Luciana},
publisher={Embrapa Monitoramento por Satélite},
year={2013},
pages={1-324}
},

@book{bolfe2_2013,
place={Campinas, SP},
title={Relatorio do diagnostico do macrozoneamento ecologico-econômico do Estado do Maranhao.  Relatorio Técnico, v. 3.},
institution={Embrapa Monitoramento por Satélite},
author={Batistella, Mateus and Bolfe, Edson Luis and Vicente, Luiz Eduardo and Victoria, Daniel de Castro and Spinelli Araújo, Luciana},
publisher={Embrapa Monitoramento por Satélite},
year={2013},
pages={1-324}
},

@inbook{feitosa_2006,
place={Goiania},
title={Relevo do Estado do Maranhao: uma nova proposta de classificaçao topomorfologica},
url={http://lsie.unb.br/ugb/sinageo/6/11/476.pdf},
booktitle={VI SIMPOSIO NACIONAL DE GEOMORFOLOGIA/ Regional Conference on Geomorphology},
publisher={VI SIMPOSIO NACIONAL DE GEOMORFOLOGIA},
author={Feitosa, A. C.},
year={2006},
pages={1-11}
},

@misc{SIS_2017,
title={Sintese de indicadores sociais : uma analise das condiçoes de vida da populaçao brasileira},
url={https://biblioteca.ibge.gov.br/visualizacao/livros/liv101459.pdf},
journal={Biblioteca.ibge.gov.br},
author={IBGE},
year={2017}
},

@book{esri_2016,
place={Redlands, CA},
title={ArcMap},
publisher={Environmental Systems Research Institute.},
author={ESRI},
year={2016}
},

@misc{arcpy_2016,
    author = {ESRI},
    citeulike-article-id = {13399929},
    citeulike-linkout-0 = {http://resources.arcgis.com/en/help/main/10.2/index.html#//000v000000v7000000},
    keywords = {geospatial, gis, library, python},
    title = {{ArcPy}},
    url = {http://resources.arcgis.com/en/help/main/10.4.1/index.html#//000v000000v7000000},
    year = {2016}
},


@book{matlab_2017,
place={Natick, Massachusetts},
title={MATLAB},
publisher={The MathWorks Inc.},
author={MATLAB},
year={2017}
},

@Manual{R_2018,
title = {R: A Language and Environment for Statistical Computing},
author = {{R Core Team}},
organization = {R Foundation for Statistical Computing},
address = {Vienna, Austria},
year = {2018},
url = {https://www.R-project.org/},
},


@Manual{Gavin_2018,
title = {gratia: Ggplot-based graphics and other useful functions for GAMs fitted using mgcv},
author = {Gavin L. Simpson},
year = {2018},
note = {R package version 0.1-0},
url = {https://github.com/gavinsimpson/gratia},
},

@Article{Wood_2011,
    title = {Fast stable restricted maximum likelihood and marginal 
likelihood estimation of semiparametric generalized linear models},
    journal = {Journal of the Royal Statistical Society (B)},
    volume = {73},
    number = {1},
    pages = {3-36},
    year = {2011},
    author = {S. N. Wood},
  },
  
  @Article{Wood_2004,
    title = {Stable and efficient multiple smoothing parameter estimation for 
         generalized additive models},
    journal = {Journal of the American Statistical Association},
    volume = {99},
    number = {467},
    pages = {673-686},
    year = {2004},
    author = {S. N. Wood},
  },
  
   @Book{Wood_2017,
    title = {Generalized Additive Models: An Introduction with R},
    year = {2017},
    author = {S.N Wood},
    edition = {2},
    publisher = {Chapman and Hall/CRC},
  },
  
   @Article{Wood_2003,
    title = {Thin-plate regression splines},
    journal = {Journal of the Royal Statistical Society (B)},
    volume = {65},
    number = {1},
    pages = {95-114},
    year = {2003},
    author = {S. N. Wood},
  },
  
@article{didan_2015,
title={MOD13Q1 MODIS/Terra Vegetation Indices 16-Day L3 Global 250m SIN Grid V006 [Data Set]},
volume={V006},
DOI={10.5067/MODIS/MOD13Q1.006},
journal={NASA EOSDIS LP DAAC},
author={Didan, Kamel},
year={2015}
},

@article{didan2_2015,
title={MOD13Q1 MODIS/Terra Vegetation Indices 16-Day L3 Global 250m SIN Grid V006 [User Guide]},
volume={V006},
DOI={10.5067/MODIS/MOD13Q1.006},
journal={NASA EOSDIS LP DAAC},
author={Didan, Kamel},
year={2015}
},

@article{sulla_2015,
title={MCD12Q1 MODIS/Terra+Aqua Land Cover Type Yearly L3 Global 500m SIN Grid V006 [Data set].},
DOI={10.5067/MODIS/MCD12Q1.006},
journal={NASA EOSDIS Land Processes DAAC},
author={Sulla-Menashe, Damien and Friedl, Mark},
year={2015}
},

@article{sulla2_2018,
title={User Guide to Collection 6 MODIS Land Cover (MCD12Q1 and MCD12C1) Product},
DOI={10.5067/MODIS/MCD12Q1.006},
journal={NASA EOSDIS Land Processes DAAC},
author={Sulla-Menashe, Damien and Friedl, Mark},
year={2018}
},

@misc{cornillon_2003,
title={OPeNDAP: Accessing data in a distributed, heterogeneous environment},
url={https://datascience.codata.org/articles/abstract/10.2481/dsj.2.164/},
author={Cornillon, P. and Gallagher, J. and Sgouros, T.},
year={2003}
},

@misc{usgs_2018,
title={AppEEARS},
url={https://lpdaacsvc.cr.usgs.gov/appeears/help?section=area%252Freprojection},
journal={Lpdaacsvc.cr.usgs.gov},
author={USGS - U.S. Geological Survey, LP DAAC - Land Processes Distributed Active Archive Center},
year={2018}
},

@article{geerken_2009,
title={An algorithm to classify and monitor seasonal variations in vegetation phenologies and their inter-annual change},
volume={64},
DOI={10.1016/j.isprsjprs.2009.03.001},
number={4},
journal={ISPRS Journal of Photogrammetry and Remote Sensing},
author={Geerken, Roland A.},
year={2009},
pages={422-431}
},

@article{SLUITER_2009,
author = {Sluiter, Raymond},
year = {2009},
month = {01},
pages = {10-16},
title = {INTERPOLATION METHODS FOR THE CLIMATE ATLAS},
booktitle = {KNMI},
url={http://bibliotheek.knmi.nl/knmipubTR/TR335.pdf},
journal = {KNMI},
},

@phdthesis{griffin_2012,
title={Modelling the Severity of Deforestation in Coastal Tanzania and a comparison of data sources},
school={Imperial College London},
author={Griffin, Olivier},
year={2012}
},

@unpublished{larsen_2015,
place={San Francisco, CA},
title={GAM: The Predictive Modelling Silver Bullet},
author={Larsen, Kim},
year={2015},
note={Unpublished},
},

@article{MENDES_2012,
author = { Cassandro Maria   Mendes  and  Sabino Porto   Junior },
title = {Deforestation, economic growth and corruption: a nonparametric analysis on the case of Amazon forest},
journal = {Applied Economics Letters},
volume = {19},
number = {13},
pages = {1285-1291},
year  = {2012},
publisher = {Routledge},
doi = {10.1080/13504851.2011.619487},

URL = { 
        https://doi.org/10.1080/13504851.2011.619487
    
},
eprint = { 
        https://doi.org/10.1080/13504851.2011.619487
    
}

},

@article{COHEN_2008,
    author = {Chaves, Luis Fernando AND Cohen, Justin M. AND Pascual, Mercedes AND Wilson, Mark L.},
    journal = {PLOS Neglected Tropical Diseases},
    publisher = {Public Library of Science},
    title = {Social Exclusion Modifies Climate and Deforestation Impacts on a Vector-Borne Disease},
    year = {2008},
    month = {02},
    volume = {2},
    url = {https://doi.org/10.1371/journal.pntd.0000176},
    pages = {1-8},
    number = {2},
    doi = {10.1371/journal.pntd.0000176}
},

@article{BEBBER_2017,
title={Tropical protected areas reduced deforestation carbon emissions by one third from 2000ֲ012},
volume={7},
DOI={10.1038/s41598-017-14467-w},
number={1},
journal={Scientific Reports},
author={Bebber, Daniel P. and Butt, Nathalie},
year={2017}
},

@article{ARTAXO_2017,
title={Deforestation size influences rainfall},
volume={7},
DOI={10.1038/nclimate3238},
number={3},
journal={Nature Climate Change},
author={Chambers, Jeffrey Q. and Artaxo, Paulo},
year={2017},
pages={175-176}
},

@article{GREEN_2013,
title={Deforestation in an African biodiversity hotspot: Extent, variation and the effectiveness of protected areas},
volume={164},
DOI={10.1016/j.biocon.2013.04.016},
journal={Biological Conservation},
author={Green, Jonathan M.H. and Larrosa, Cecilia and Burgess, Neil D. and Balmford, Andrew and Johnston, Alison and Mbilinyi, Boniface P. and Platts, Philip J. and Coad, Lauren},
year={2013},
pages={62-72}
},

@article{TAPIA_2017,
title={Generalized Models: An Application to Identify Environmental Variables That Significantly Affect the Abundance of Three Tree Species},
volume={8},
DOI={10.3390/f8030059},
number={3},
journal={Forests},
author={Antunez, Pablo and Hernandez-Diaz, Jose and Wehenkel, Christian and Clark-Tapia, Ricardo},
year={2017},
pages={59}
},

@article{JOYE_2015,
title={Will charophyte species increase or decrease their distribution in a changing climate?},
volume={120},
DOI={10.1016/j.aquabot.2014.05.003},
journal={Aquatic Botany},
author={Auderset Joye, Dominique and Rey-Boissezon, Aur?e},
year={2015},
pages={73-83}
},

@article{BELL_2015,
title={Geographical variability in the controls of giant kelp biomass dynamics},
volume={42},
DOI={10.1111/jbi.12550},
number={10},
journal={Journal of Biogeography},
author={Bell, Tom W. and Cavanaugh, Kyle C. and Reed, Daniel C. and Siegel, David A.},
year={2015},
pages={2010-2021}
},

@article{alkemad_1998,
title={Determining alternative models for vegetation response analysis: a non-parametric approach},
volume={9},
DOI={10.2307/3237218},
number={1},
journal={Journal of Vegetation Science},
author={Bio, A.M.F. and Alkemade, R. and Barendregt, A.},
year={1998},
pages={5-16}
},

@article{SANTOS_2017,
title={Generalized additive models with principal component analysis: an application to time series of respiratory disease and air pollution data},
volume={67},
DOI={10.1111/rssc.12239},
number={2},
journal={Journal of the Royal Statistical Society: Series C (Applied Statistics)},
author={de Souza, Juliana B. and Reisen, Vald?o A. and Franco, Glaura C. and Isp?, M?on and Bondon, Pascal and Santos, Jane Meri},
year={2017},
pages={453-480}
},

@article{HALPERIN_2016,
title={Canopy cover estimation in miombo woodlands of Zambia: Comparison of Landsat 8 OLI versus RapidEye imagery using parametric, nonparametric, and semiparametric methods},
volume={179},
DOI={10.1016/j.rse.2016.03.028},
journal={Remote Sensing of Environment},
author={Halperin, James and LeMay, Valerie and Coops, Nicholas and Verchot, Louis and Marshall, Peter and Lochhead, Kyle},
year={2016},
pages={170-182}
},

@article{LIU_2018,
title={Comparing the Random Forest with the Generalized Additive Model to Evaluate the Impacts of Outdoor Ambient Environmental Factors on Scaffolding Construction Productivity},
volume={144},
DOI={10.1061/(asce)co.1943-7862.0001495},
number={6},
journal={Journal of Construction Engineering and Management},
author={Liu, Xin and Song, Yongze and Yi, Wen and Wang, Xiangyu and Zhu, Junxiang},
year={2018},
pages={04018037}
},

@article{LUSK_2016,
title={Climate predicts the proportion of divaricate plant species in New Zealand arborescent assemblages},
volume={43},
DOI={10.1111/jbi.12814},
number={9},
journal={Journal of Biogeography},
author={Lusk, Christopher H. and McGlone, Matthew S. and Overton, Jacob McC.},
year={2016},
pages={1881-1892}
},

@article{MORENO_2018,
title={Modeling sapling distribution over time using a functional predictor in a generalized additive model},
volume={75},
DOI={10.1007/s13595-017-0685-3},
number={1},
journal={Annals of Forest Science},
author={Moreno-Fernandez, Daniel and Augustin, Nicole H. and Montes, Fernando and Ca??as, Isabel and S?hez-Gonz?z, Mariola},
year={2018}
},

@article{SADAT_2016,
title={Investigation of general indicators influencing on forest fire and its susceptibility modeling using different data mining techniques},
volume={64},
DOI={10.1016/j.ecolind.2015.12.030},
journal={Ecological Indicators},
author={Pourtaghi, Zohre Sadat and Pourghasemi, Hamid Reza and Aretano, Roberta and Semeraro, Teodoro},
year={2016},
pages={72-84}
},

 @Book{MASS_2002,
    title = {Modern Applied Statistics with S},
    author = {W. N. Venables and B. D. Ripley},
    publisher = {Springer},
    edition = {Fourth},
    address = {New York},
    year = {2002},
    note = {ISBN 0-387-95457-0},
    url = {http://www.stats.ox.ac.uk/pub/MASS4},
  },
  
  
  @book{hilbe_2011, 
  place={Cambridge}, 
  edition={2}, 
  title={Negative Binomial Regression}, 
  DOI={10.1017/CBO9780511973420}, 
  publisher={Cambridge University Press}, 
  author={Hilbe, Joseph M.}, 
  year={2011}
  },
  
 @article{Domingos_2012,
 author = {Domingos, Pedro},
 title = {A Few Useful Things to Know About Machine Learning},
 journal = {Commun. ACM},
 issue_date = {October 2012},
 volume = {55},
 number = {10},
 month = oct,
 year = {2012},
 issn = {0001-0782},
 pages = {78--87},
 numpages = {10},
 url = {http://doi.acm.org/10.1145/2347736.2347755},
 doi = {10.1145/2347736.2347755},
 acmid = {2347755},
 publisher = {ACM},
 address = {New York, NY, USA},
},

@article{defries_2002,
title={Detection of land cover changes using MODIS 250 m data},
volume={83},
DOI={10.1016/s0034-4257(02)00081-0},
number={1-2},
journal={Remote Sensing of Environment},
author={Zhan, X and Sohlberg, R.A and Townshend, J.R.G and DiMiceli, C and Carroll, M.L and Eastman, J.C and Hansen, M.C and DeFries, R.S},
year={2002},
pages={336-350}
},

@article{mor_1993,
title={A scaled conjugate gradient algorithm for fast supervised learning},
volume={6},
DOI={10.1016/s0893-6080(05)80056-5},
number={4},
journal={Neural Networks},
author={Mor, Martin Fodslette},
year={1993},
pages={525-533}
},

@INPROCEEDINGS{HU_2009, 
author={J. Hu and P. Hu}, 
booktitle={Proceedings of the 2009 Winter Simulation Conference (WSC)}, 
title={On the performance of the Cross-Entropy method}, 
year={2009}, 
volume={}, 
number={}, 
pages={459-468}, 
keywords={approximation theory;convergence;entropy;sampling methods;stochastic programming;cross entropy method;iterative random sampling approach;distribution function;asymptotic convergence rate;stochastic approximation procedures;stochastic optimization;Stochastic processes;Optimization methods;Partitioning algorithms;Convergence;Sampling methods;Stochastic systems;Simulated annealing;Probability distribution;Stochastic resonance;Mathematics}, 
doi={10.1109/WSC.2009.5429357}, 
ISSN={0891-7736}, 
month={Dec},
},

@article{breiman_1984,
title={Classification and Regression Trees.},
volume={40},
DOI={10.2307/2530946},
number={3},
journal={Biometrics},
author={Gordon, A. D. and Breiman, L. and Friedman, J. H. and Olshen, R. A. and Stone, C. J.},
year={1984},
pages={874},
},

@article{key_2004,
title={Comparison of AVIRIS and Landsat ETM+ detection capabilities for burn severity},
volume={92},
DOI={10.1016/j.rse.2003.12.015},
number={3},
journal={Remote Sensing of Environment},
author={van Wagtendonk, Jan W. and Root, Ralph R. and Key, Carl H.},
year={2004},
pages={397-408}
},

@misc{glcf_2018,
title={GLCF: MODIS Vegetative Cover Conversion},
url={http://glcf.umd.edu/data/vcc/},
journal={Glcf.umd.edu},
author={GLCF, Global Land Cover Facility},
year={2018}
},

@article{Garcia_2012,
issn = {1753-8947},
abstract = {Abstract Land use/land cover monitoring and mapping is crucial to efficient management of the land and its resources. Since the late 1980s increased attention has been paid to the use of coarse resolution optical data. The Moderate Resolution Imaging Spectroradiometer (MODIS) has features, which make it particularly suitable to earth characterization purposes. MODIS has 10 products dedicated mainly to land cover characterization and provides three kinds of data: angular, spectral and temporal. MODIS data also includes information about the data quality through the ‘Quality Assessment’ product. In this paper, we review how MODIS data are used to map land cover including the preferred MODIS products, the preprocessing and classification approaches, the accuracy assessment, and the results obtained.},
journal = {International Journal of Digital Earth},
pages = {63--87},
volume = {5},
publisher = {Taylor & Francis Group},
number = {1},
year = {2012},
title = {Land cover mapping applications with MODIS: a literature review},
language = {eng},
author = {Garcia-Mora, Tziztiki J. and Mas, Jean-François and Hinkley, Everett A.},
keywords = {Modis ; Mapping ; Image Processing ; Classification, Accuracy ; Land Use/Land Cover},
},

@article {Hansen_2013,
	author = {Hansen, M. C. and Potapov, P. V. and Moore, R. and Hancher, M. and Turubanova, S. A. and Tyukavina, A. and Thau, D. and Stehman, S. V. and Goetz, S. J. and Loveland, T. R. and Kommareddy, A. and Egorov, A. and Chini, L. and Justice, C. O. and Townshend, J. R. G.},
	title = {High-Resolution Global Maps of 21st-Century Forest Cover Change},
	volume = {342},
	number = {6160},
	pages = {850--853},
	year = {2013},
	doi = {10.1126/science.1244693},
	publisher = {American Association for the Advancement of Science},
	abstract = {Forests worldwide are in a state of flux, with accelerating losses in some regions and gains in others. Hansen et al. (p. 850) examined global Landsat data at a 30-meter spatial resolution to characterize forest extent, loss, and gain from 2000 to 2012. Globally, 2.3 million square kilometers of forest were lost during the 12-year study period and 0.8 million square kilometers of new forest were gained. The tropics exhibited both the greatest losses and the greatest gains (through regrowth and plantation), with losses outstripping gains. Quantification of global forest change has been lacking despite the recognized importance of forest ecosystem services. In this study, Earth observation satellite data were used to map global forest loss (2.3 million square kilometers) and gain (0.8 million square kilometers) from 2000 to 2012 at a spatial resolution of 30 meters. The tropics were the only climate domain to exhibit a trend, with forest loss increasing by 2101 square kilometers per year. Brazil{\textquoteright}s well-documented reduction in deforestation was offset by increasing forest loss in Indonesia, Malaysia, Paraguay, Bolivia, Zambia, Angola, and elsewhere. Intensive forestry practiced within subtropical forests resulted in the highest rates of forest change globally. Boreal forest loss due largely to fire and forestry was second to that in the tropics in absolute and proportional terms. These results depict a globally consistent and locally relevant record of forest change.},
	issn = {0036-8075},
	URL = {http://science.sciencemag.org/content/342/6160/850},
	eprint = {http://science.sciencemag.org/content/342/6160/850.full.pdf},
	journal = {Science}
},

@misc{gfc_2017,
title={Global Forest Change},
url={https://earthenginepartners.appspot.com/science-2013-global-forest/download_v1.4.html},
journal={Earthenginepartners.appspot.com},
author={GFC, Global Forest Change},
year={2017}
},

@misc{brito_2018,
title={METODOLOGIA DA DETECCAO DO DESMATAMENTO NO BIOMA CERRADO},
url={http://www.dpi.inpe.br/fipcerrado/report_funcate_metodologia_mapeamento_bioma_cerrado.pdf},
journal={Divisao de processamento de imagens},
author={Brito, Alan de and Valeriano, Dalton de Morrison and Ferri, Clotilde and Scolastrici, Adriana and Sestini, Marcelo},
year={2018}
},


@misc{bdmep_2018,
title={BDMEP - Banco de Dados Meteorologicos para Ensino e Pesquisa do INMET},
url={http://www.inmet.gov.br/projetos/rede/pesquisa/},
journal={Inmet.gov.br},
author={BDMEP},
year={2018}
},

@misc{inmet_2018,
title={INMET - Instituto Nacional de Meteorologia},
url={http://www.inmet.gov.br/portal/index.php?r=estacoes/estacoesautomaticas},
journal={Inmet.gov.br},
author={INMET},
year={2018}
},

@article{murase_2009,
title={Application of a generalized additive model (GAM) to reveal relationships between environmental factors and distributions of pelagic fish and krill: a case study in Sendai Bay, Japan},
volume={66},
DOI={10.1093/icesjms/fsp105},
number={6},
journal={ICES Journal of Marine Science},
author={Murase, H. and Nagashima, H. and Yonezaki, S. and Matsukura, R. and Kitakado, T.},
year={2009},
pages={1417-1424}
},

@misc{inpe-deter_2018,
title={DETER — Coordenaçao-Geral de Observaçao da Terra},
url={http://www.obt.inpe.br/OBT/assuntos/programas/amazonia/deter},
journal={DETER - Alertas de Alteraçao na Cobertura Florestal},
author={INPE-DETER},
year={2018}
},

@article{rossatto_2013,
title={Seasonal variation in leaf traits between congeneric savanna and forest trees in Central Brazil: implications for forest expansion into savanna},
volume={27},
DOI={10.1007/s00468-013-0864-2},
number={4},
journal={Trees},
author={Rossatto, Davi Rodrigo and Hoffmann, William Arthur and de Carvalho Ramos Silva, Lucas and Haridasan, Mundayatan and Sternberg, Leonel S. L. and Franco, Augusto César},
year={2013},
pages={1139-1150}
},

@book{vianello_2011,
place={Brasilia - DF},
title={A ESTAÇAO METEOROLOGICA E SEU OBSERVADOR Uma parceria secular de bons serviços  prestados à humanidade},
institution={INMET},
author={Vianello, Rubens Leite},
publisher ={INMET},
year={2011},
pages={1-19}
},

@article{barlow_2018,
title={The future of hyperdiverse tropical ecosystems},
volume={559},
DOI={10.1038/s41586-018-0301-1},
number={7715},
journal={Nature},
author={Barlow, Jos and França, Filipe and Gardner, Toby A. and Hicks, Christina C. and Lennox, Gareth D. and Berenguer, Erika and Castello, Leandro and Economo, Evan P. and Ferreira, Joice and Guénard, Benoit et al.},
year={2018},
pages={517-526}
},

@misc{nugeo_2018,
author={NUGEO},
url={http://www.nugeo.uema.br/},
journal={Núcleo Geoambiental},
year={2018}
},

@misc{embrapa_2018,
title={A Embrapa - Portal Embrapa},
url={https://www.embrapa.br/},
journal={Empresa Brasileira de Pesquisa Agropecuaria},
author={EMBRAPA},
year={2018}
},

@article{mustin__2017,
title={Biodiversity, threats and conservation challenges in the Cerrado of Amapa, an Amazonian savanna},
volume={22},
DOI={10.3897/natureconservation.22.13823},
journal={Nature Conservation},
author={Mustin, Karen and Carvalho, William D. and Hilario, Renato R. and Costa-Neto, Salustiano V. and Silva, Claudia and Vasconcelos, Ivan M. and Castro, Isai J. and Eilers, Vivianne and Kauano, Erico E. and Mendes-Junior, Raimundo N. G. et al.},
year={2017},
pages={107-127}
},

@misc{bank_1998,
title={World resources 1998-99 : a guide to the global environment - environmental change and human health},
url={http://documents.worldbank.org/curated/en/545461468744003084/World-resources-1998-99-a-guide-to-the-global-environment-environmental-change-and-human-health},
journal={Documents.worldbank.org},
author={Bank, WRI*UNEP*UNDP*World},
year={1998}
},

@book{Carole2013,
series = {Directions in development (Washington, D.C.). Environment and sustainable development},
publisher = {World Bank},
isbn = {0-8213-9778-8},
year = {2013},
title = {Deforestation trends in the Congo Basin [electronic resource] : reconciling economic growth and forest protection / Carole Megevand ; with Aline Mosnier ... [et al.].},
language = {eng},
address = {Washington, D.C.},
author = {Megevand, Carole},
},

@article{boyd_2013,
title={Responding to climate change and the global land crisis: REDD+, market transformation and low-emissions rural development},
volume={368},
DOI={10.1098/rstb.2012.0167},
number={1619},
journal={Philosophical Transactions of the Royal Society B: Biological Sciences},
author={Nepstad, D. C. and Boyd, W. and Stickler, C. M. and Bezerra, T. and Azevedo, A. A.},
year={2013},
pages={20120167-20120167}
},

@article{costa_pires_2009,
title={Effects of Amazon and Central Brazil deforestation scenarios on the duration of the dry season in the arc of deforestation},
volume={30},
DOI={10.1002/joc.2048},
number={13},
journal={International Journal of Climatology},
author={Costa, Marcos Heil and Pires, Gabrielle Ferreira},
year={2009},
pages={1970-1979}
},

@article{morton_defries_2006,
title={Cropland expansion changes deforestation dynamics in the southern Brazilian Amazon},
volume={103},
DOI={10.1073/pnas.0606377103},
number={39},
journal={Proceedings of the National Academy of Sciences},
author={Morton, D. C. and DeFries, R. S. and Shimabukuro, Y. E. and Anderson, L. O. and Arai, E. and del Bon Espirito-Santo, F. and Freitas, R. and Morisette, J.},
year={2006},
pages={14637-14641}
},

@article{nepstad2_2014,
title={Slowing Amazon deforestation through public policy and interventions in beef and soy supply chains},
volume={344},
DOI={10.1126/science.1248525},
number={6188},
journal={Science},
author={Nepstad, D. and McGrath, D. and Stickler, C. and Alencar, A. and Azevedo, A. and Swette, B. and Bezerra, T. and DiGiano, M. and Shimada, J. and Seroa da Motta, R. et al.},
year={2014},
pages={1118-1123}
},

@article{nepstad_2008,
title={Interactions among Amazon land use, forests and climate: prospects for a near-term forest tipping point},
volume={363},
DOI={10.1098/rstb.2007.0036},
number={1498},
journal={Philosophical Transactions of the Royal Society B: Biological Sciences},
author={Nepstad, D. C and Stickler, C. M and Filho, B. S. and Merry, F.},
year={2008},
pages={1737-1746}
},


@article{shukla_1990,
title={Amazon Deforestation and Climate Change},
volume={247},
DOI={10.1126/science.247.4948.1322},
number={4948},
journal={Science},
author={Shukla, J. and Nobre, C. and Sellers, P.},
year={1990},
pages={1322-1325}
},

@article{skole_1993,
title={Tropical Deforestation and Habitat Fragmentation in the Amazon: Satellite Data from 1978 to 1988},
volume={260},
DOI={10.1126/science.260.5116.1905},
number={5116},
journal={Science},
author={Skole, D. and Tucker, C.},
year={1993},
pages={1905-1910}
},

@article{Benavent_2018,
issn = {0264-8377},
journal = {Land Use Policy},
pages = {293--302},
volume = {72},
publisher = {Elsevier Ltd},
year = {2018},
title = {Trends in global research in deforestation. A bibliometric analysis},
language = {eng},
author = {Aleixandre-Benavent, Rafael and Aleixandre-Tudo, José Luis and Castello-Cogollos, Lourdes and Aleixandre, José Luis},
},

@article{moore_2011,
title={A Comparison of Generalized Additive Models to Other Common Modeling Strategies for Continuous Covariates: Implications for Risk Adjustment},
volume={02},
DOI={10.4172/2155-6180.1000109},
number={01},
journal={Journal of Biometrics `I\&' Biostatistics},
author={Moore, Lynne and Hanley, James A and Turgeon, Alexis F and Lavoie, André},
year={2011}
},

@misc{kernreg2,
  author={Nicholas J. Cox and Isaias H. Salgado-Ugarte and Makoto Shimizu and Toru Taniuchi},
  title={{KERNREG2: Stata module to compute kernel regression (Nadaraya-Watson estimator)}},
  year=1999,
  month=Mar,
  howpublished={Statistical Software Components, Boston College Department of Economics},
  abstract={kernreg2 is an updated and improved version of kernreg, published in STB-30 as package snp9. kernreg2 calculates the Nadaraya-Watson nonparametric regression. By default, kernreg2 draws the graph of the estimated conditional mean over the grid points used for calculation connected by a line without any symbol.},
  keywords={kernel regression; smoothing; nonparametric models},
  doi={},
  url={https://ideas.repec.org/c/boc/bocode/s372601.html},
},

@book{bowman_azzalini_1997,
title={Applied Smoothing Techniques for Data Analysis: The Kernel Approach With S-Plus Illustrations (Oxford science publications)},
publisher={Oxford University Press},
author={Bowman, A. W and Azzalini, Adelchi},
year={1997}
},

@article{lee_wang_2003,
title={Statistical Methods for Survival Data Analysis},
DOI={10.1002/0471458546},
journal={Wiley Series in Probability and Statistics},
author={Lee, Elisa T. and Wang, John Wenyu},
year={2003}
},


@article{Cox1972,
  added-at = {2008-08-03T17:09:39.000+0200},
  author = {R., Cox D.},
  biburl = {https://www.bibsonomy.org/bibtex/2765e7e73f8c5fc7f0dffb3a189c76ee2/alex},
  interhash = {c956e84383b0d91794495ac03ba58622},
  intrahash = {765e7e73f8c5fc7f0dffb3a189c76ee2},
  journal = {Journal of the Royal Statistic Society},
  keywords = {cox hazard model proportional},
  number = 34,
  pages = {187-202},
  timestamp = {2010-09-27T22:50:11.000+0200},
  title = {Regression Models and Life Tables},
  volume = {B},
  year = 1972
},

@article{kaplanandmeier,
author = { E. L.   Kaplan  and  Paul   Meier },
title = {Nonparametric Estimation from Incomplete Observations},
journal = {Journal of the American Statistical Association},
volume = {53},
number = {282},
pages = {457-481},
year  = {1958},
publisher = {Taylor & Francis},
doi = {10.1080/01621459.1958.10501452},
URL = {https://www.tandfonline.com/doi/abs/10.1080/01621459.1958.10501452},
eprint = {https://www.tandfonline.com/doi/pdf/10.1080/01621459.1958.10501452}
},

@article{Peto_1972,
 ISSN = {00359238},
 URL = {http://www.jstor.org/stable/2344317},
 abstract = {Asymptotically efficient rank invariant test procedures for detecting differences between two groups of independent observations are derived. These are generalized to test between two groups of independent censored observations, to test between many groups of observations, and to test between groups after allowance for the effects of concomitant variables. One of these test procedures--the logrank--is particularly appropriate for comparing life tables, and can therefore be used in the analysis of clinical trials, industrial life-testing experiments and laboratory studies of animal carcinogenesis. It has greater local power than any other rank-invariant test procedure for detecting Lehmann-type differences between groups of independent observations subject to some right-censoring. The logrank test, although a rank test, can be presented in a format which exhibits the physical significance as well as the statistical significance of any important differences between groups of events.},
 author = {Richard Peto and Julian Peto},
 journal = {Journal of the Royal Statistical Society. Series A (General)},
 number = {2},
 pages = {185--207},
 publisher = {[Royal Statistical Society, Wiley]},
 title = {Asymptotically Efficient Rank Invariant Test Procedures},
 volume = {135},
 year = {1972}
},

@misc{PF_arcodofogo,
url={http://www.pf.gov.br/agencia/noticias/2012/setembro/pf-combate-extracao-ilegal-de-madeira-no-maranhao},
journal={Agência de Notícias - Polícia Federal},
year={2012},
author={PF},
},

@book{alencar_2016,
place={Brasília, DF},
title={Desmatamento nos Assentamentos da Amazônia: Histórico, Tendências e Oportunidades},
publisher={Instituto de Pesquisa Ambiental da Amazônia – IPAM,},
author={Alencar, Ane and Pereira, Cassio and Castro, Isabel and Cardoso, Alcilene and Souza, Lucimar and Costa, Rosana and Bentes, Antônio José and Stella, Osvaldo and Azevedo, Andrea and Gomes, Jarlene et al.},
year={2016},
pages={1-93}
},


@phdthesis{cao_2005,
title={A Comparison Between the Additive and Multiplicative Risk Models},
school={Faculte des sciences et de genie - Universite Laval Quebec},
author={Cao, Huiling},
year={2005}
},

@misc{cameron_2018,
  author       = {Cameron Davidson-Pilon and
                  Jonas Kalderstam and
                  Ben Kuhn and
                  Paul Zivich and
                  Andrew Fiore-Gartland and
                  Luis Moneda and
                  Alex Parij and
                  Kyle Stark and
                  Steven Anton and
                  Lilian Besson and
                  Jona and
                  Harsh Gadgil and
                  Dave Golland and
                  Sean Hussey and
                  Javad Noorbakhsh and
                  Andreas Klintberg and
                  Nick Evans and
                  Matt Braymer-Hayes and
                  Lukasz and
                  Jonathan Séguin and
                  Jeff Rose and
                  Isaac Slavitt and
                  Eric Martin and
                  Eduardo Ochoa and
                  Dylan Albrecht and
                  dhuynh and
                  Denis Zgonjanin and
                  Daniel Chen and
                  Chris Fournier and
                  André F. Rendeiro},
  title        = {CamDavidsonPilon/lifelines: v0.14.6},
  month        = jul,
  year         = 2018,
  doi          = {10.5281/zenodo.1303381},
  url          = {https://doi.org/10.5281/zenodo.1303381}
}

@Manual{survival-package,
    title = {A Package for Survival Analysis in S},
    author = {Terry M Therneau},
    year = {2015},
    note = {version 2.38},
    url = {https://CRAN.R-project.org/package=survival},
  },
@Book{survival-book,
    title = {Modeling Survival Data: Extending the {C}ox Model},
    author = {{Terry M. Therneau} and {Patricia M. Grambsch}},
    year = {2000},
    publisher = {Springer},
    address = {New York},
    isbn = {0-387-98784-3},
  },
  
  @article{scikit-learn,
 title={Scikit-learn: Machine Learning in {P}ython},
 author={Pedregosa, F. and Varoquaux, G. and Gramfort, A. and Michel, V.
         and Thirion, B. and Grisel, O. and Blondel, M. and Prettenhofer, P.
         and Weiss, R. and Dubourg, V. and Vanderplas, J. and Passos, A. and
         Cournapeau, D. and Brucher, M. and Perrot, M. and Duchesnay, E.},
 journal={Journal of Machine Learning Research},
 volume={12},
 pages={2825--2830},
 year={2011}
},

@article{burgess_costa_olken_2018,
title={Wilderness Conservation and the Reach of the State: Evidence from National Borders in the Amazon},
DOI={10.3386/w24861},
author={Burgess, Robin and Costa, Francisco J.M. and Olken, Benjamin},
year={2018}
},

@article{Broadbent_2008,
issn = {00063207},
abstract = {Forest fragmentation results from deforestation and disturbance, with subsequent edge effects extending deep into remaining forest areas. No study has quantified the effects of both deforestation and selective logging, separately and combined, on forest fragmentation and edge effects over large regions. The main objectives of this study were to: (1) quantify the rates and extent of forest fragmentation from deforestation and logging within the Brazilian Amazon, and (2) contextualize the spatio-temporal dynamics of this forest fragmentation through a literature review of potential ecological repercussions of edge creation. Using GIS and remote sensing, we quantified forest fragmentation â€“ defined as both increases in the forest edge-to-area ratio and number of forest fragments â€“ and edge-effected forest occurring from these activities across more than 1.1millionkm of the Brazilian Amazon from 1999 to 2002. Annually, deforestation and logging generated âˆ¼32,000 and 38,000km of new forest edge while increasing the edge-to-area ratio of remaining forest by 0.14 and 0.15, respectively. Combined deforestation and logging increased the edge-to-area ratio of remaining forest by 65\% over our study period, while generating 5539 and 3383 new forest fragments, respectively. Although we found that 90\% of individual forest fragments were smaller than 4km, we also found that 50\% of the remaining intact forests were located in contiguous forest areas greater than 35,000km. We then conducted a literature review documenting 146 edge effects and found that these penetrated to a median distance of 100m, a distance encompassing 6.4\% of all remaining forests in our study region in the year 2002, while 53\% of forests were located within two km of an edge. Annually deforestation and logging increased the proportion of edge-forest by 0.8\% and 3.1\%, respectively. As a result of both activities, the total proportion of edge-forest increased by 2.6\% per year, while the proportion within 100-m increased by 0.5\%. Over our study period, deforestation resulted in an additional âˆ¼3000km of edge-forest, whereas logging generated âˆ¼20,000km, as it extended deep into intact forest areas. These results show the large extent and rapid expansion of previously unquantified soft-edges throughout the Amazon and highlight the need for greater research into their ecological impacts.},
journal = {Biological Conservation},
pages = {1745--1758},
volume = {141},
number = {7},
year = {2008},
title = {Forest fragmentation and edge effects from deforestation and selective logging in the Brazilian Amazon},
language = {eng},
author = {Broadbent, Eben N.},
keywords = {Deforestation ; Fragmented landscapes ; Logging ; Habitat modification ; Spatio-temporal variation ; Remote sensing ; Geographic information systems ; Boundaries ; Area measurement ; Amazon River Region ; Brazil ; Deforestation ; Fragmented landscapes ; Logging ; Habitat modification ; Spatio-temporal variation ; Amazon River Region ; Brazil ; Remote sensing ; Geographic information systems ; Boundaries ; Area measurement ;},
month = {July},
},

@article{Egler_2013,
issn = {14363798},
abstract = {In recent years, Amazonian deforestation has become a question of global concern. Deforestation in Amazon is a complex phenomenon in nature and has been related to traditional agriculture expansion. In this work, land use, socioeconomic and conservation indicators, combined with statistical analysis, were used to understand forces associated with patterns of deforestation. This approach was applied in Southern Brazilian Pre-Amazon in Mato Grosso State, which represents an extensive rain forest-savanna ecotone, located in the south border of Amazon biome. Based on data from the last two agricultural censuses (1995/1996-2006), we compared agricultural expansion in this area and Mato Grosso state. Results have shown that 85\% of state deforestation was concentrated in Southern Pre-Amazon and was closely related to increase in number of cattle and pasture area. PCA results pointed that population (92\%), number of cattle (86.5\%), pastures (84.2\%) and tractors (78.4\%) were variables with highest positive correlation to deforestation. It showed that GDP contributes to an individual axis and has a low correlation to deforestation (37.8\%). Conservation units and indigenous reserves also contribute to a single axis and were negatively correlated to temporary crops area. Results revealed a significant reduction in production and commercialization of extractive products in the region, revealing that the main, almost only conservation policy in Mato Grosso remains the creation of Special Areas. We suggest that further studies are necessary to screen development alternatives to simple cutting trees down. It is important to diversify strategies for deforestation control, and development aspects must be more seriously considered to reach a sustainable deforestation control policy.},
journal = {Regional Environmental Change},
pages = {263--272},
volume = {13},
number = {2},
year = {2013},
title = {Indicators of deforestation in the Southern Brazilian Pre-Amazon.},
language = {eng},
author = {Egler, Mariana},
keywords = {Deforestation ; Forest conservation ; Forest protection ; Land use ; Socioeconomic factors ; Gross domestic product -- Brazil ; Brazil ; Mato Grosso (Brazil : State) ; South Brazil ; Deforestation ; Forest conservation ; Forest protection ; Land use ; Brazil ; Mato Grosso (Brazil : State) ; South Brazil ; Socioeconomic factors ; Gross domestic product -- Brazil ;},
month = {April},
},

@article{Chicas_2017,
issn = {03014797},
abstract = {Understanding the trans-boundary deforestation history and patterns in protected areas along the Belize-Guatemala border is of regional and global importance. To assess deforestation history and patterns in our study area along a section of the Belize-Guatemala border, we incorporated multi-temporal deforestation rate analysis and spatial metrics with survey results. This multi-faceted approach provides spatial analysis with relevant insights from local stakeholders to better understand historic deforestation dynamics, spatial characteristics and human perspectives regarding the underlying causes thereof. During the study period 1991–2014, forest cover declined in Belize's protected areas: Vaca Forest Reserve 97.88\%–87.62\%, Chiquibul National Park 99.36\%–92.12\%, Caracol Archeological Reserve 99.47\%–78.10\% and Colombia River Forest Reserve 89.22\%–78.38\% respectively. A comparison of deforestation rates and spatial metrics indices indicated that between time periods 1991–1995 and 2012–2014 deforestation and fragmentation increased in protected areas. The major underlying causes, drivers, impacts, and barriers to bi-national collaboration and solutions of deforestation along the Belize-Guatemala border were identified by community leaders and stakeholders. The Mann-Whitney U test identified significant differences between leaders and stakeholders regarding the ranking of challenges faced by management organizations in the Maya Mountain Massif, except for the lack of assessment and quantification of deforestation (LD, SH: 18.67, 23.25, U = 148, p > 0.05). The survey results indicated that failure to integrate buffer communities, coordinate among managing organizations and establish strong bi-national collaboration has resulted in continued ecological and environmental degradation. The information provided by this research should aid managing organizations in their continued aim to implement effective deforestation mitigation strategies.},
journal = {Journal of Environmental Management},
pages = {320--330},
volume = {187},
year = {2017},
title = {Using spatial metrics and surveys for the assessment of trans-boundary deforestation in protected areas of the Maya Mountain Massif: Belize-Guatemala border.},
language = {eng},
author = {Chicas, S.D.},
keywords = {Deforestation ; Protected areas ; Biodiversity ; Stakeholders ; Mann Whitney U Test ; Deforestation ; Protected areas ; Biodiversity ; Stakeholders ; Mann Whitney U Test ;},
month = {February},
},

@article{Vina_2004,
issn = {00447447},
abstract = {This study uses Landsat satellite data to document the rates and patterns of land-cover change along a portion of the Colombia-Ecuador border during a 23-yr period (19731996). Human colonization has resulted in extensive deforestation in both countries. Satellite change detection analysis showed that the annual rates of deforestation were considerably higher for the Colombian side of the border. In addition, loss of forest cover on the Colombian side for the study period was almost 43\%, while only 22\% on the Ecuadorian side. The study found that there is no single factor driving deforestation on either side of the border, but concluded that the higher rates on the Colombian side may be due to higher colonization pressures and intensification of illegal coca cultivation. On the Ecuador side of the border the satellite images documented patterns of deforestation that reflected road networks associated with oil exploration and development.},
journal = {AMBIO - A Journal of the Human Environment},
pages = {118--126},
volume = {33},
number = {3},
year = {2004},
title = {Satellite Change Detection Analysis of Deforestation Rates and Patterns along the Colombia - Ecuador Border.},
language = {eng},
author = {Viña, Andrés},
keywords = {Deforestation ; Petroleum prospecting ; Landsat satellites ; Artificial satellites ; Remote-sensing images ; Deforestation ; Petroleum prospecting ; Landsat satellites ; Artificial satellites ; Remote-sensing images ;},
month = {May},
},

@article{greenberg_2005,
title={Survival analysis of a neotropical rainforest using multitemporal satellite imagery},
volume={96},
DOI={10.1016/j.rse.2005.02.010},
number={2},
journal={Remote Sensing of Environment},
author={Greenberg, Jonathan Asher and Kefauver, Shawn C. and Stimson, Hugh C. and Yeaton, Corey J. and Ustin, Susan L.},
year={2005},
pages={202-211}
},

@article{vance_2002,
title={Temporal and spatial modelling of tropical deforestation: a survival analysis linking satellite and household survey data},
volume={27},
DOI={10.1111/j.1574-0862.2002.tb00123.x},
number={3},
journal={Agricultural Economics},
author={Vance, Colin and Geoghegan, Jacqueline},
year={2002},
pages={317-332}
},

@incollection{COHEN1977,
editor = "Jacob Cohen",
title = "Statistical Power Analysis for the Behavioral Sciences",
booktitle = "Statistical Power Analysis for the Behavioral Sciences",
publisher = "Academic Press",
pages = "1 - 17",
year = "1977",
isbn = "978-0-12-179060-8",
doi = "https://doi.org/10.1016/B978-0-12-179060-8.50006-2",
url = "http://www.sciencedirect.com/science/article/pii/B9780121790608500062",
author = "Jacob Cohen"
},

@Manual{effsize,
    title = {effsize: Efficient Effect Size Computation},
    author = {Marco Torchiano},
    year = {2018},
    note = {R package version 0.7.3},
    doi = {10.5281/zenodo.1480624},
    url = {https://CRAN.R-project.org/package=effsize},
},

@misc{isa_2018,
author = {ISA},
url={https://uc.socioambiental.org/uc/591527},
journal={Unidades de Conservação no Brasil},
year={2018}
},

@misc{rural_2018,
title={MPF e Ibama fazem operação contra o desmatamento ilegal no Cerrado},
url={https://revistagloborural.globo.com/Noticias/Sustentabilidade/noticia/2018/05/mpf-e-ibama-fazem-operacao-contra-o-desmatamento-ilegal-no-cerrado.html},
journal={Revista Globol Rural},
author={Rural, Globo},
year={2018}
},

@Article{ranger_2018,
    title = {{ranger}: A Fast Implementation of Random Forests for High Dimensional Data in {C++} and {R}},
    author = {Marvin N. Wright and Andreas Ziegler},
    journal = {Journal of Statistical Software},
    year = {2017},
    volume = {77},
    number = {1},
    pages = {1--17},
    doi = {10.18637/jss.v077.i01},
  },

@Article{Janitza2016,
author="Janitza, Silke
and Celik, Ender
and Boulesteix, Anne-Laure",
title="A computationally fast variable importance test for random forests for high-dimensional data",
journal="Advances in Data Analysis and Classification",
year="2016",
month="Nov",
day="29",
issn="1862-5355",
doi="10.1007/s11634-016-0276-4",
url="https://doi.org/10.1007/s11634-016-0276-4"
},

@misc{unep_2018,
title={The UNEP Environmental Data Explorer, as compiled from Food and Agriculture Organization of the United Nations (FAO) - FAOStat . United Nations Environment Programme.},
url={http://ede.grid.unep.ch.},
journal={UNEP},
author={UNEP},
year={2018}
}









% ------------------------------------------------------------------------
